id,is_collab,name,kname,fname,alias,id_company,id_artist1,id_artist2,id_artist3,id_artist4,members,issolo,id_parentgroup,id_currentgroup,formation,disband,social,id_debut,debut_date,date_birth,fanclub,miak,miak_level,sales,gaondigital_times,gaondigital_firsts,yawards,yawards_total,yt_followers,,,,,,,,,,,,,,
1,n,100%,백퍼센트,,백퍼센트 V,61,0,0,0,0,male,n,0,0,2012,NULL,"{W"":""www.100per.kr""","T:""TOP_100PERCENT""","V:""ED9233""","I:""100pergram""","F:""Official100percent""","K:""100%_(band)""","A:""100\/564095886""}""",1725,9/18/2012,NULL,Perfection,0,none,107652,3,0,,0,0,,,,,,,,
2,n,24K,투포케이,,,60,0,0,0,0,male,n,0,0,2012,NULL,"{T"":""24K__OFFICIAL""","V:""EA429D""","I:""24k__official""","K:""24K_(band)""","A:""24k\/682187896""","F:""CHOEUNENT.24K""","Y:""UCcVqOMZoLmcuR2_DgKX7bxw""","U:""choeunentofficial""","S:""5r6waWb7zJbYnwwdy08EPO""}""",1736,9/6/2012,NULL,24U,0,none,10083,0,0,,0,92300,,,,,,
3,n,2AM,투에이엠,,,14,0,0,0,0,male,n,0,0,2008,2014,"{K"":""2AM_(band)""","F:""2amofficial""","T:""follow2am""","A:""2am\/14063144""}""",9969,6/21/2008,NULL,I Am,143134,none,256987,213,4,"{GDA"":2",MMA:2,MAMA:1,"SMA:2}""",7,0,,,,,,,,
4,n,2NE1,투애니원,,,3,0,0,0,0,female,n,0,0,2009,2017,"{K"":""2NE1""","F:""2NE1""","T:""ygladies""","I:""2ne1official""","D:""2NE1""","A:""2ne1\/329155759""}""",903,5/6/2009,NULL,Blackjack,430131,none,681461,322,11,"{KMA"":2",GDA:2,MMA:7,MAMA:7,"SMA:1}""",19,0,,,,,
5,n,2PM,투피엠,,,14,0,0,0,0,male,n,0,0,2008,NULL,"{W"":""2pm.jype.com""","T:""follow_2pm""","F:""2pm.jype""","V:""EF7F""","I:""real_2pmstagram""","A:""2pm\/183292586""}""",2638,7/4/2008,NULL,Hottest,229860,none,959187,134,2,"{GDA"":1",MMA:2,MAMA:4,"SMA:2}""",9,0,,,,,,
6,n,2YOON,투윤,,,6,0,0,0,0,female,n,7,7,2013,2013,,1172,1/16/2013,NULL,,0,none,5895,9,0,,0,0,,,,,,,,,,,,,,
7,n,4Minute,포미닛,,,6,0,0,0,0,female,n,0,0,2009,2016,"{K"":""4Minute""","F:""4minute.unitedcube""","W:""4min.co.kr""","I:""4minute4nia_""","D:""4minute""","A:""4minute\/371898647""}""",200,6/15/2009,NULL,4nia,52160,none,205867,162,2,"{GDA"":4","SMA:3}""",7,0,,,,,,,,
8,n,F-ve dolls,파이브돌스,,5dolls,4,0,0,0,0,female,n,868,868,2011,2015,"{K"":""F-ve_Dolls""","D:""f-ve-dolls""}""",0,1/20/2011,NULL,,0,none,7177,4,0,,0,0,,,,,,,,,,,,,
9,n,9Muses,나인뮤지스,,나인 뮤지스,15,0,0,0,0,female,n,0,0,2010,2019,"{W"":""9muses.co.kr""","T:""9muses_""","F:""9musesofficial""","K:""Nine_Muses_(band)""","V:""E962B9""","I:""official_ninemuses""","A:""9muses\/404135177""}""",875,8/12/2010,NULL,MINE,1052,none,55301,63,0,,0,0,,,,,,,,
10,n,9Muses A,나인뮤지스A,,,15,0,0,0,0,female,n,9,9,2016,2019,"{A"":""9muses\/404135177""}""",1694,8/3/2016,NULL,MINE,0,none,8484,2,0,,0,0,,,,,,,,,,,,,,
11,n,After School,애프터스쿨,,애프터스쿨 BLUE;애프터스쿨 RED,9,0,0,0,0,female,n,0,0,2009,2015,"{W"":""www.pledis.co.kr\/html\/artist\/afterschool""","F:""pledisAS""","T:""pledisnews""","K:""After_School_(band)""","A:""afterschool\/338814090""}""",0,1/15/2009,NULL,Playgirlz,55914,none,118108,84,0,"{SMA"":1}""",1,0,,,,,,,,,,
12,n,Agust D,민윤기,Min Yoon-gi,,41,0,0,0,0,male,y,40,40,2016,NULL,"{I"":""btssugaaa""","K:""Suga_(rapper)""","A:""agust-d\/1143454142""}""",1919,8/16/2016,3/9/1993,,0,none,0,0,0,,0,0,,,,,,,,,,,,
13,n,Ailee,에일리,Lee Ye-jin,,431,0,0,0,0,female,y,0,0,2011,NULL,"{K"":""Ailee""","T:""itzailee""","V:""FC855""","I:""aileeonline""","A:""ailee\/415508441""}""",635,2/8/2012,5/30/1989,,0,none,41838,388,7,"{GDA"":3",MMA:1,MAMA:5,"SMA:2}""",11,0,,,,,,,
14,n,Akmu,악동뮤지션,,악뮤,3,0,0,0,0,coed,n,0,0,2012,NULL,"{K"":""Akdong_Musician""","F:""officialAKMU""","W:""www.yg-akmu.com""","V:""F36179""","I:""akmu_suhyun""","D:""akmu""","A:""akmu\/747306596""}""",1583,4/6/2014,NULL,,0,none,96089,563,12,"{KMA"":2",GDA:3,"MMA:4}""",9,0,,,,,,
15,n,Amber,엠버,Amber Liu,,0,0,0,0,0,female,y,65,65,2015,NULL,"{K"":""Amber_Liu_(singer)""","T:""llama_ajol""","I:""ajol_llama""}""",1500,9/17/2015,9/18/1992,,0,none,15099,7,0,,0,0,,,,,,,,,,,,
16,n,AOA,에이오에이,,,10,0,0,0,0,female,n,0,0,2012,NULL,"{K"":""AOA_(band)""","F:""OfficialAOA""","T:""official_aoa""","V:""FEA11""","I:""aoa.8""","A:""aoa\/1080563762""}""",607,7/30/2012,NULL,ELVIS,0,none,223475,200,0,"{GDA"":2","SMA:1}""",3,0,,,,,,,,
17,n,AOA CREAM,에이오에이 크림,,,10,0,0,0,0,female,n,16,16,2016,NULL,"{A"":""aoa\/1080563762""}""",4885,2/12/2016,NULL,ELVIS,0,none,0,5,0,,0,0,,,,,,,,,,,,,,
18,n,Apink,에이핑크,,,194,0,0,0,0,female,n,0,0,2011,NULL,"{K"":""Apink""","F:""Official.Apink2011""","T:""apink_2011""","V:""FDE29""","I:""official.apink2011""","A:""apink\/482854746""}""",674,4/19/2011,NULL,Pink Panda,0,none,748859,263,0,"{GDA"":5",MMA:3,MAMA:1,"SMA:4}""",13,0,,,,,,
19,n,April,에이프릴,,,2,0,0,0,0,female,n,0,0,2015,NULL,"{K"":""April_(girl_group)""","T:""april_dspmedia""","F:""APRIL.DSPmedia""","V:""FA59B""","I:""official.april""","Y:""UCzd-QY2q6hFyNb_bn9vtWQw""","A:""april\/1033052104""}""",1849,8/24/2015,NULL,Fineapple,0,none,77381,10,0,,0,248000,,,,,,,,
20,n,ASTRO,아스트로,,,31,0,0,0,0,male,n,0,0,2016,NULL,"{K"":""Astro_(South_Korean_band)""","F:""offclASTRO""","T:""offclastro""","V:""F6F107""","I:""officialastro""","Y:""UCZqY2yIsAM9wh3vvMwKd27g""","A:""astro\/1086927524""","S:""4pz4uzOMpJQyV8UTsDy4H8""}""",1707,2/23/2016,NULL,AROHA,0,none,1456674,2,0,"{GDA"":1","SMA:1}""",2,4630000,,,,,,
22,n,B.A.P,비에이피,,,377,0,0,0,0,male,n,0,0,2012,2019,"{K"":""B.A.P_(South_Korean_band)""","V:""FA49D""","T:""BapJapanstaff""","F:""OFFICIALB.A.P""","S:""6kxCoNfY6U1eP0Yc88phvk""}""",1426,1/27/2012,NULL,BABY,0,none,818075,59,0,"{GDA"":1","SMA:2}""",3,0,,,,,,,,,
23,n,B1A4,비원에이포,,,28,0,0,0,0,male,n,0,0,2011,NULL,"{K"":""B1A4""","W:""b1a4.com""","F:""wm.b1a4""","T:""_B1A4OFFICIAL""","V:""FE31F""","I:""b1a4ganatanatda""}""",996,4/19/2010,NULL,BANA,0,none,906765,113,0,"{GDA"":4","SMA:4}""",8,0,,,,,,,,
24,n,Baek A Yeon,백아연,Baek A-yeon,,251,0,0,0,0,female,y,0,0,2012,NULL,"{K"":""Baek_A-yeon""","W:""100ayeon.jype.com""","T:""100ayeon""","F:""100ayeon""","I:""ayeoniiiiii""}""",1354,9/9/2012,3/11/1993,,0,none,3913,129,2,"{MMA"":1","SMA:1}""",2,0,,,,,,,,,
25,n,Baekhyun,변백현,Byun Baek-hyun,,1,0,0,0,0,male,y,61,61,2019,NULL,"{K"":""Byun_Baek-hyun""","I:""baekhyunee_exo""","T:""b_hundred_hyun""}""",4575,7/10/2019,5/6/1992,,0,none,2637993,101,0,"{GDA"":2",MMA:1,"MAMA:3}""",6,0,,,,,,,,,,
26,n,Beast,비스트,,,6,0,0,0,0,male,n,0,0,2009,2016,"{K"":""Highlight_(band)""","F:""beast.unitedcube""","T:""b2st_official""","V:""FE025""","I:""yysbeast""}""",466,7/15/2010,NULL,,220298,none,1143562,362,4,"{GDA"":8",MMA:6,MAMA:1,"SMA:6}""",21,0,,,,,,,
27,n,BESTie,베스티,,,20,0,0,0,0,female,n,0,0,2013,2018,"{K"":""Bestie_(band)""","F:""bestiestory""","T:""officialBESTie""}""",813,7/11/2013,NULL,BESTiny,0,none,8581,9,0,"{GDA"":1}""",1,0,,,,,,,,,,,,
28,n,BIGBANG,빅뱅,,,3,0,0,0,0,male,n,0,0,2006,NULL,"{V"":""F13F""","W:""bigbangmusic.info""","T:""_BBmusic""","K:""Big_Bang_(South_Korean_band)""","I:""2ne1official""","D:""BIGBANG""","Y:""UCzw-C7fNfs018R1FzIKnlaA""","U:""BIGBANG""","A:""bigbang\/318754656""","S:""4Kxlr1PRlDKEB0ekOCyHgX""}""",1146,8/19/2006,NULL,VIP,1768085,none,3257798,490,19,"{KMA"":2",GDA:6,MMA:6,MAMA:8,"SMA:9}""",31,14100000,
29,y,BIGBANG + 2NE1,빅뱅 + 투애니원,,,0,28,4,0,0,coed,n,0,0,2009,NULL,,0,NULL,NULL,,0,none,0,0,0,,0,0,,,,,,,,,,,,,,
30,n,Bigstar,빅스타,,,21,0,0,0,0,male,n,0,0,2012,2019,"{K"":""Big_Star_(South_Korean_band)""","T:""bravebigstar""","W:""bigstar.bravesound.com""","F:""bravesoundbigstar""","V:""E5B32F""","I:""bravebigstar""}""",1742,7/12/2012,NULL,,0,none,3664,5,0,,0,0,,,,,,,,,
31,n,Blackpink,블랙핑크,,,3,0,0,0,0,female,n,0,0,2016,NULL,"{K"":""Black_Pink""","F:""BLACKPINKOFFICIAL""","T:""ygofficialblink""","V:""F001E5""","I:""blackpinkofficial""","Y:""UCOmHUn--16B90oW2L6FRR3A""","D:""blackpink""}""",1699,8/8/2016,NULL,Blink,0,none,2834332,474,8,"{GDA"":6",MMA:4,MAMA:2,"SMA:2}""",14,73000000,,,,,
32,n,Block B,블락비,,블락비 바스타즈,56,0,0,0,0,male,n,0,0,2011,NULL,"{K"":""Block_B""","F:""BlockBOfficial""","T:""blockb_official""","V:""FBA71""","I:""blockb_official_""","Y:""UC3EQ-_TqSIghbvv8Ck5BRzg""","D:""block-b""}""",3304,4/13/2011,NULL,BBC,0,none,481668,182,1,"{MMA"":1}""",1,500000,,,,,,,,
33,n,BoA,권보아,Kwon Bo-ah,보아,1,0,0,0,0,female,y,0,0,2000,NULL,"{K"":""BoA""","F:""boa.smtown""","T:""boakwon""","I:""boakwon""","D:""boa""}""",3359,8/25/2000,11/5/1986,,2129000,some,2221481,94,0,"{GDA"":1",MAMA:4,"SMA:3}""",8,0,,,,,,,,
34,n,Boyfriend,보이프렌드,,,5,0,0,0,0,male,n,0,0,2011,NULL,"{K"":""Boyfriend_(band)""","F:""officialBF""","T:""g_boyfriend""","V:""F2419D""","I:""boyfriend_6""}""",1254,5/26/2011,NULL,Bestfriend,0,none,261986,26,0,"{GDA"":1","SMA:1}""",2,0,,,,,,,,,
35,n,Boys Republic,소년공화국,,,80,0,0,0,0,male,n,0,0,2013,2018,"{K"":""Boys_Republic_(band)""","F:""BOYSREPUBLIC.5""","T:""officialboysrep""","V:""F3E169""","I:""official_boysrepublic""}""",1750,6/3/2013,NULL,Royal Family,0,none,10361,0,0,,0,0,,,,,,,,,,
36,n,Brave Girls,브레이브걸스,,,21,0,0,0,0,female,n,0,0,2011,NULL,"{K"":""Brave_Girls""","T:""bravegirls_""","I:""bravegirls.official""","F:""bravegirls.official""","D:""brave-girls""","Y:""UCx_kYu6Wp1yxZP_KtrW52EQ""}""",2877,4/8/2011,NULL,FEARLESS,0,none,110777,130,5,"{GDA"":1","SMA:1}""",2,182000,,,,,,,,
37,n,Brown Eyed Girls,브라운아이드걸스,,브라운 아이드 걸스,8,0,0,0,0,female,n,0,0,2006,NULL,"{K"":""Brown_Eyed_Girls""","T:""officialbeg""","F:""officialBEG""","V:""FAA91""}""",3360,3/2/2006,NULL,Everlasting,194668,none,253825,114,1,"{KMA"":2",GDA:1,MMA:1,MAMA:1,"SMA:3}""",8,0,,,,,,,
38,n,BTOB,비투비,,Born to Beat,6,0,0,0,0,male,n,0,0,2012,NULL,"{K"":""BtoB_(band)""","F:""BTOBofficial""","W:""www.btobofficial.com""","T:""officialbtob""","V:""FD737""","I:""cube_official_btob""","U:""officialbtob""","Y:""UCgB7A457ULlgm5c3948vr-w""}""",1455,3/21/2012,NULL,Melody,0,none,980738,289,0,"{GDA"":3",MMA:1,"SMA:2}""",6,1840000,,,,,
39,n,BTOB Blue,비투비 블루,,,6,0,0,0,0,male,n,38,38,2016,NULL,,1868,9/18/2016,NULL,Melody,0,none,0,0,0,,0,0,,,,,,,,,,,,,,
40,n,BTS,방탄소년단,,Bangtan Boys,41,0,0,0,0,male,n,0,0,2013,NULL,"{K"":""BTS_(band)""","T:""bts_bighit""","I:""bts.bighitofficial""","F:""bangtan.official""","Y:""UCLkAepWjdylmXSltofFvsYQ""","V:""FE619""","A:""bts\/883131348""","D:""bts""","W:""bts.ibighit.com\/""","S:""3Nrfpe0tUJi4K4DXYWgMUX""}""",1421,6/13/2013,NULL,ARMY,0,none,32786561,1813,24,"{KMA"":8",GDA:20,MMA:24,MAMA:24,"SMA:19}""",95,64800000,
41,n,Chen,첸,Kim Jong-dae,김종대,1,0,0,0,0,male,y,61,61,2014,NULL,"{K"":""Chen_(singer)""","I:""exochenn""}""",4111,4/1/2019,9/21/1992,,0,none,381845,97,0,,0,0,,,,,,,,,,,,,
42,y,Chen + Heize,첸 + 헤이즈,,,0,41,231,0,0,coed,n,0,0,2016,NULL,,0,NULL,NULL,,0,none,0,0,0,,0,0,,,,,,,,,,,,,,
43,n,Choa,박초아,Park Cho-a,,0,0,0,0,0,female,y,16,16,2015,NULL,"{U"":""CHOACHOA""}""",0,NULL,3/6/1990,,0,none,0,0,0,,0,0,,,,,,,,,,,,,,
44,n,CL,씨엘,Lee Chae-rin,이채린,288,0,0,0,0,female,y,4,0,2013,NULL,"{K"":""CL_(singer)""","T:""chaelincl""","I:""chaelincl""","Y:""UCkz9_MzSLqpLfgHD8jmI8iA""","F:""ChaelinCL""}""",346,5/28/2013,2/26/1991,GZBz,0,none,12959,12,0,"{MAMA"":1}""",1,805000,,,,,,,,,,
45,n,CLC,씨엘씨,,,6,0,0,0,0,female,n,0,0,2015,NULL,"{K"":""CLC_(band)""","T:""cubeclc""","I:""cube_clc_official""","F:""CLC.UnitedCube""","Y:""UCnOTemIK0FqCe2FHbr9mWFw""","V:""F2E189""","U:""officialCLC""","A:""clc\/978594123""","S:""6QyO41KctzGc70mVaVnXQO""}""",1757,3/19/2015,NULL,Cheshire,0,none,65774,0,0,,0,1150000,,,,,,
46,n,CNBlue,씨엔블루,,,10,0,0,0,0,male,n,0,0,2009,NULL,"{K"":""CNBLUE""","F:""CNBLUEOfficial""","T:""cnblue_4""","W:""fncent.com\/CNBLUE""","V:""EBFF""","U:""cnblue""","I:""cnbluegt""","Y:""UC-CVBl3-ryi3GtZBXtc2_IA""}""",8735,1/14/2010,NULL,Boice,380535,none,1299947,196,2,"{GDA"":9",MMA:3,MAMA:5,"SMA:1}""",18,1080000,,,,
47,n,Crayon Pop,크레용팝,,크레용팝-딸기우유,16,0,0,0,0,female,n,0,0,2012,2017,"{K"":""Crayon_Pop""","F:""crayonpop""","T:""crayonpop""","V:""F061D9""","I:""crayonpop_official_""}""",8817,7/17/2012,NULL,,0,none,42701,44,0,"{GDA"":1",MAMA:1,"SMA:1}""",3,0,,,,,,,,
48,n,Cross Gene,크로스진,,,64,0,0,0,0,male,n,0,0,2012,NULL,"{K"":""Cross_Gene""","T:""cross_gene""","F:""CROSSGENE.Official""","V:""F131BF""","U:""amusekr""","I:""cross_gene_official""","Y:""UCBlc_bHXd4h_iIzjnPTREpw""}""",1771,7/8/2012,NULL,Chromosome,0,none,47524,0,0,,0,228000,,,,,,,,
49,n,Crush,크러쉬,Shin Hyo-seob,,257,0,0,0,0,male,y,0,0,2014,NULL,"{K"":""Crush_(singer)""","F:""crush9244""","T:""crush9244""","I:""crush9244""}""",1083,4/2/2014,5/3/1992,,0,none,32701,279,0,"{KMA"":1",GDA:1,"MAMA:1}""",3,0,,,,,,,,,
50,y,D.O. + Yoo Young-jin,디오 + Yoo Young Jin,,,0,500,775,0,0,male,n,0,0,2016,NULL,,0,NULL,NULL,,0,none,0,0,0,,0,0,,,,,,,,,,,,,,
51,n,Dal★Shabet,달샤벳,,DalShabet,305,0,0,0,0,female,n,0,0,2011,2017,"{K"":""Dal_Shabet""","T:""dalshabet""","F:""dalshabethappy""","U:""dalshabet""","Y:""UCCZScmulXzGFCpnEQg7aR4w""}""",3324,1/3/2011,NULL,Darling,0,none,38643,76,0,"{GDA"":1}""",1,60900,,,,,,,,,,
52,n,Dalmatian,달마시안,,DMTN,0,0,0,0,0,male,n,0,0,2010,2014,"{F"":""dalmatianband""","K:""DMTN""","T:""dmtn_dalmatian""}""",3325,8/31/2010,NULL,,0,none,9374,9,0,,0,0,,,,,,,,,,,,
53,n,Davichi,다비치,,,163,0,0,0,0,female,n,0,0,2008,NULL,"{K"":""Davichi""","F:""officialdavichi""","T:""officialdavichi""","V:""C6B70F""","I:""davichi.official""","D:""davichi""}""",3326,2/4/2008,NULL,Davichi Chord,36379,none,90224,586,9,"{GDA"":3",MMA:3,MAMA:3,"SMA:2}""",11,0,,,,,,
54,n,Day6,데이식스,,,14,0,0,0,0,male,n,0,0,2015,NULL,"{K"":""Day6""","F:""day6official""","T:""day6official""","W:""day6.jype.com""","V:""F4F147""","I:""day6kilogram""","Y:""UCp-pqXsizklX3ZHvLxXyhxw""}""",1620,9/7/2015,NULL,MyDay,0,none,772742,13,0,"{MAMA"":1}""",1,1820000,,,,,,,,
55,n,Dia,다이아,,,4,0,0,0,0,female,n,0,0,2015,NULL,"{K"":""DIA_(band)""","T:""dia_official""","V:""F3D16B""","I:""mbk.dia""","F:""mbk.dia""","Y:""UCU22DE6WbPoOoXwvZBvLK7Q""","D:""dia""}""",1625,7/14/2015,NULL,AID,0,none,109693,21,0,,0,1,,,,,,,,
56,n,Dreamcatcher,드림캐쳐,,,11,0,0,0,0,female,n,0,0,2014,NULL,"{K"":""Dreamcatcher_(band)""","T:""hf_dreamcatcher""","I:""hf_dreamcatcher""","Y:""UCijULR2sXLutCRBtW3_WEfA""","V:""E8D2CB""","D:""Dreamcatcher""","U:""Dreamcatcherofficial""","A:""dreamcatcher\/1194912387""","S:""5V1qsQHdXNm4ZEZHWvFnqQ""}""",2007,1/13/2017,NULL,InSomnia,0,none,547110,0,0,,0,1410000,,,,,,
57,n,Epik High,에픽하이,,,0,0,0,0,0,male,n,0,0,2003,NULL,"{K"":""Epik_High""","F:""EPIKHIGH""","V:""F97B7""","Y:""UCTcEu0jaf3DrsTjnGwwvsvA""}""",8585,10/23/2003,NULL,,302635,none,428923,280,5,"{KMA"":1",GDA:6,MMA:2,MAMA:6,"SMA:3}""",18,822000,,,,,,,
58,n,Eric Nam,에릭남,Nam Yoon-do,남윤도,163,0,0,0,0,male,y,0,0,2013,NULL,"{K"":""Eric_Nam""","W:""www.ericnam.com""","F:""ericnamofficial""","T:""ericnamofficial""","V:""FD33F""","I:""realericnam""}""",1783,1/23/2013,11/17/1988,,0,none,16292,32,0,,0,0,,,,,,,,,
59,y,Eric Nam + Somi,에릭남 + 전소미,,,0,58,492,0,0,coed,n,0,0,2017,NULL,,0,NULL,NULL,,0,none,0,0,0,,0,0,,,,,,,,,,,,,,
60,n,EXID,이엑스아이디,,,219,0,0,0,0,female,n,0,0,2012,NULL,"{K"":""EXID""","F:""EXIDOfficial""","T:""exidofficial""","V:""F9BAF""","I:""exidofficial""}""",1213,2/16/2012,NULL,LEGO,0,none,131061,149,1,"{GDA"":1","SMA:1}""",2,0,,,,,,,,,
61,n,EXO,엑소,,,1,0,0,0,0,male,n,0,0,2011,NULL,"{K"":""Exo_(band)""","W:""exo.smtown.com""","T:""weareoneEXO""","F:""weareoneEXO""","V:""F94BD""","I:""weareone.exo""","U:""EXOK""","A:""exo\/657630070""","D:""exo""","S:""3cjEqqelV9zb4BYE3qDQ4O""}""",0,4/8/2012,NULL,EXO-L,0,none,9843998,652,7,"{KMA"":1",GDA:12,MMA:14,MAMA:9,"SMA:19}""",55,0,
62,n,EXO-CBX,첸백시CBX,,EXO-CBX (첸백시),1,0,0,0,0,male,n,61,61,2016,NULL,,1888,10/30/2016,NULL,,0,none,670199,46,0,,0,0,,,,,,,,,,,,,,
64,n,EXO-M,엑소M,,,1,0,0,0,0,male,n,61,61,2016,NULL,,3340,4/7/2012,NULL,,0,none,0,5,0,,0,0,,,,,,,,,,,,,,
65,n,f(x),에프엑스,,,1,0,0,0,0,female,n,0,0,2009,2016,"{K"":""F(x)_(band)""","W:""fx.smtown.com""","F:""fx.smtown""","I:""fx.official""}""",224,8/24/2009,NULL,MeU,54179,none,549976,0,0,"{KMA"":1",GDA:4,MMA:1,MAMA:1,"SMA:1}""",8,0,,,,,,,
66,n,Fiestar,피에스타,,,30,0,0,0,0,female,n,0,0,2012,2018,"{K"":""Fiestar""}""",1292,8/31/2012,NULL,Let's,0,none,10883,17,0,,0,0,,,,,,,,,,,,,,
67,n,FTISLAND,FT아일랜드,,F.T ISLAND,10,0,0,0,0,male,n,0,0,2007,NULL,"{K"":""F.T._Island""","F:""FTISLAND""","V:""FE913""","T:""ft_fanclub""","I:""officialftisland""}""",1794,6/7/2007,NULL,Primadonna,171000,none,672818,96,1,"{GDA"":5",MAMA:1,"SMA:3}""",9,0,,,,,,,,
68,n,G-DRAGON,지드래곤,Kwon Ji-yong,권지용,3,0,0,0,0,male,y,28,28,2009,NULL,"{K"":""G-Dragon""","F:""gdragon""","T:""ibgdrgn""","I:""xxxibgdrgn""}""",883,8/18/2009,8/18/1988,,359792,none,897522,210,3,"{KMA"":1",GDA:1,MMA:3,MAMA:5,"SMA:1}""",11,0,,,,,,,
69,n,G.na,지나,Choi Gi-na,최지나,6,0,0,0,0,female,y,0,0,2010,2016,"{K"":""G.NA""","F:""gna.unitedcube""","T:""ginachoi87""","I:""missginachoi87""}""",702,7/14/2010,9/13/1987,,0,none,26128,117,1,"{GDA"":1}""",1,0,,,,,,,,,,,
70,n,Gain,가인,Son Ga-in,손가인; Ga-in,8,0,0,0,0,female,y,37,37,2010,NULL,"{K"":""Gain_(singer)""","F:""OfficialGain""","I:""songain87""}""",3371,10/8/2010,9/20/1987,,9700,none,33341,124,1,"{GDA"":1","SMA:1}""",2,0,,,,,,,,,,,
71,n,Gary,개리,Kang Hee-gun,,1,0,0,0,0,male,y,131,0,2014,NULL,"{K"":""Gary_(rapper)""}""",1065,1/15/2014,2/24/1978,,0,none,20172,84,3,,0,0,,,,,,,,,,,,,,
72,y,Gary + Jung-in,개리 + 정인,,,0,71,377,0,0,coed,n,0,0,2014,NULL,,1068,8/31/2014,NULL,,0,none,0,0,0,,0,0,,,,,,,,,,,,,,
73,y,G-DRAGON + TAEYANG,권지용 + 동영배,,GD X TAEYANG; GD+TAEYANG,3,68,199,0,0,male,n,0,0,2014,NULL,,256,11/20/2014,NULL,,0,none,0,30,0,,0,0,,,,,,,,,,,,,,
74,y,G-DRAGON + T.O.P,권지용 + 탑,,GD+T.O.P,3,68,196,0,0,male,n,0,0,2010,NULL,,9672,12/15/2010,NULL,,204249,none,204249,0,0,"{MMA"":1}""",1,0,,,,,,,,,,,,,,
75,y,Geeks + Soyou,긱스 + 소유,,,0,779,178,0,0,coed,n,0,0,2012,NULL,,1169,10/31/2012,NULL,,0,none,0,0,0,,0,0,,,,,,,,,,,,,,
76,n,GFriend,여자친구,,,37,0,0,0,0,female,n,0,0,2015,2021,"{K"":""GFriend""","F:""gfrdofficial""","T:""gfrdofficial""","V:""F73FF""","I:""gfriendofficial""}""",2318,1/15/2015,NULL,Buddy,0,none,903364,268,4,"{GDA"":4",MMA:3,MAMA:1,"SMA:3}""",11,0,,,,,,,
77,n,Girl's Day,걸스데이,,,13,0,0,0,0,female,n,0,0,2010,2019,"{K"":""Girl\\'s_Day""","F:""dai5y.gsd""","T:""girls_day""","V:""FDF27""","I:""dte_girlsday""","U:""girlsday5""","Y:""UCw-HcGlT9V7ErYfoAPvem4A""}""",2631,7/7/2010,NULL,Dai5y,0,none,142697,209,1,"{GDA"":1",MMA:1,MAMA:1,"SMA:1}""",4,669000,,,,,
78,n,Girls' Generation,소녀시대,,SNSD,1,0,0,0,0,female,n,0,0,2007,2017,"{K"":""Girls'_Generation""","W:""girlsgeneration.smtown.com""","F:""girlsgeneration""","T:""girlsgeneration""","I:""girlsgeneration""","A:""girls-generation\/357463500""","D:""girls-generation""}""",963,8/5/2007,NULL,SONE,1265599,complete,2838362,313,10,"{KMA"":1",GDA:11,MMA:6,MAMA:3,"SMA:11}""",32,0,,,,
79,n,Girls' Generation TTS,소녀시대-태티서,,,1,0,0,0,0,female,n,78,78,2012,2017,"{A"":""girls-generation-tts\/905847799""}""",133,4/30/2012,NULL,,0,none,303114,61,2,"{GDA"":1","SMA:1}""",2,0,,,,,,,,,,,,,
80,n,GOT7,갓세븐,,,14,0,0,0,0,male,n,0,0,2014,NULL,"{K"":""Got7""","T:""got7official""","F:""GOT7Official""","W:""got7.jype.com""","V:""ECDF""","U:""got7SMEJ""","I:""got7.with.igot7""","D:""got7""","S:""6nfDaffa50mKtEOwR8g4df""","Y:""UCNtZPzvkjjB3EuPMNY71cmA""}""",642,1/16/2014,NULL,I GOT7,0,none,3928015,45,0,"{GDA"":6","SMA:3}""",9,1620000,,,,
81,n,Gugudan,구구단,,,36,0,0,0,0,female,n,0,0,2016,2020,"{K"":""Gugudan""","T:""gu9udan""","F:""gu9udan""","V:""F0F1C7""","I:""gu9udan""}""",6293,6/28/2016,NULL,,0,none,102606,3,0,,0,0,,,,,,,,,,
82,n,Goo Hara ☮,구하라,Gu Ha-ra,Goo Hara,2,0,0,0,0,female,y,117,117,2015,2019,"{K"":""Goo_Hara""","F:""Official.HaraGoo.KARA""","I:""koohara__""}""",867,7/14/2015,1/13/1991,,0,none,6280,3,0,,0,0,,,,,,,,,,,,
83,n,Hellovenus,헬로비너스,,,31,0,0,0,0,female,n,0,0,2012,2019,"{K"":""Hello_Venus""","W:""www.fantagio.kr\/artists\/hellovenus""","F:""chHelloVenus""","T:""chhellovenus""","I:""hellovenus""}""",1203,5/8/2012,NULL,,0,none,26044,26,0,,0,0,,,,,,,,,,
84,n,Henry,헨리,Henry Lau,,0,0,0,0,0,male,y,189,0,2013,NULL,"{K"":""Henry_Lau""","F:""HenrysStrings""","T:""henrylau89""}""",663,6/7/2013,10/11/1989,,0,none,123541,27,0,,0,0,,,,,,,,,,,,
85,n,HI SUHYUN,하이수현,,,3,0,0,0,0,female,n,0,0,2014,NULL,,1580,11/18/2014,NULL,,0,none,0,16,1,,0,0,,,,,,,,,,,,,,
86,n,Highlight,하이라이트,,,57,0,0,0,0,male,n,26,26,2017,NULL,"{K"":""Highlight_(band)""","F:""beast.unitedcube""","T:""b2st_official""","V:""E9A2B1""","I:""yysbeast""}""",0,10/14/2009,NULL,B2uty,0,none,422759,58,1,,0,0,,,,,,,,,,
87,n,History,히스토리,,,30,0,0,0,0,male,n,0,0,2013,2017,"{K"":""History_(band)""","U:""HISTORYloen""}""",1301,4/26/2013,NULL,Storia,0,none,57123,2,0,,0,0,,,,,,,,,,,,,
88,n,Hyolyn,효린,Kim Hyo-jung,,283,0,0,0,0,female,y,174,174,2013,NULL,"{K"":""Hyolyn""","F:""hyolyn.official""","T:""officialhyolyn_""","V:""D734FF""","I:""xhyolynx""","Y:""UCNJofNT5w33_mycys970x8g""","U:""OfficialHyolyn""}""",629,11/26/2013,12/11/1990,,0,none,16370,112,2,,0,782000,,,,,,,,
89,y,Hyolyn + Bumkey + Jooyoung,효린 + 범키 + 주영,,,0,88,781,780,0,coed,n,0,0,NULL,NULL,,0,12/17/2015,NULL,,0,none,0,0,0,,0,0,,,,,,,,,,,,,,
90,y,Hyolyn + Jooyoung,효린 + 주영,,,0,88,780,0,0,coed,n,0,0,NULL,NULL,,1173,11/19/2014,NULL,,0,none,0,0,0,,0,0,,,,,,,,,,,,,,
91,y,Hyolyn + Zico + Paloalto,효린 + 지코 + 팔로알토,,,0,88,225,782,0,coed,n,0,0,NULL,NULL,,1175,8/25/2015,NULL,,0,none,0,0,0,,0,0,,,,,,,,,,,,,,
92,n,Hyukoh,혁오,,,364,0,0,0,0,male,n,0,0,NULL,NULL,"{K"":""Hyukoh""","T:""hyukohh""","I:""hyukohofficial""}""",3385,9/18/2014,NULL,,0,none,36110,126,2,"{KMA"":5",GDA:2,MMA:1,"MAMA:2}""",10,0,,,,,,,,,
93,n,Hyuna,현아,Kim Hyun-ah,김현아,257,0,0,0,0,female,y,219,1313,2010,NULL,"{K"":""Hyuna""","F:""hyuna.unitedcube""","V:""F071D7""","I:""hyunah_aa""","D:""Hyuna""","Y:""UC0uTcuuOtUFwtn9aKUVGjXg""","U:""officialhyuna""","A:""hyuna\/384855556""","S:""3UwlejyX2b458azZ7eCnHb""}""",203,1/4/2010,6/6/1992,,0,none,73024,116,1,"{GDA"":1",MAMA:2,"SMA:2}""",5,2980000,,,,
94,n,I.O.I,아이오아이,,,87,0,0,0,0,female,n,0,0,2016,2017,"{K"":""I.O.I""","F:""ioi.official.page""}""",2975,5/16/2016,NULL,,0,none,276039,113,1,"{GDA"":1",MAMA:1,"SMA:1}""",3,0,,,,,,,,,,,
95,n,iKON,아이콘,,,3,0,0,0,0,male,n,0,0,2015,NULL,"{K"":""IKon_(South_Korean_band)""","F:""OfficialYGiKON""","T:""ikon_yg""","V:""FD241""","I:""withikonic""","D:""ikon""}""",1091,9/15/2015,NULL,IKONIC,0,none,636243,223,8,"{GDA"":3",MMA:2,MAMA:2,"SMA:3}""",10,0,,,,,,
96,n,Infinite,인피니트,,,34,0,0,0,0,male,n,0,0,2010,NULL,"{K"":""Infinite_(band)""","F:""ifnt7""","T:""Official_IFNT""","W:""woolliment.phps.kr\/artists\/main_infinite.php""","V:""FE815""","I:""official_ifnt_""","D:""infinite""}""",1505,6/9/2010,NULL,Inspirit,50867,none,1542055,195,0,"{GDA"":6",MMA:1,MAMA:2,"SMA:3}""",12,0,,,,,
97,n,Infinite H,인피니트H,,,0,0,0,0,0,male,n,96,96,2013,NULL,"{K"":""Infinite_H""}""",1516,1/10/2013,NULL,,0,none,136593,38,0,,0,0,,,,,,,,,,,,,,
98,n,IU,아이유,Lee Jieun,이지은,282,0,0,0,0,female,y,0,0,2008,NULL,"{K"":""IU_(singer)""","T:""_IUofficial""","I:""dlwlrma""","F:""iu.loen""","Y:""UC3SyT4_WLHzN7JmHQwKQZww""","V:""FA895""","A:""iu\/409076743""","D:""iu""}""",2300,9/18/2008,5/16/1993,,43095,some,1251842,1918,48,"{KMA"":4",GDA:8,MMA:16,MAMA:8,"SMA:7}""",43,7460000,,,
99,y,IU + Fiestar,이지은 + 피에스타,,,0,98,66,0,0,female,n,0,0,NULL,NULL,,736,7/25/2012,NULL,,0,none,0,0,0,,0,0,,,,,,,,,,,,,,
100,y,IU + HIGH4,이지은 + 하이포,,,0,98,783,0,0,coed,n,0,0,NULL,NULL,,0,NULL,NULL,,0,none,0,66,1,,0,0,,,,,,,,,,,,,,
101,y,IU + Yoon Hyun-sang,이지은 + 윤현상,,,0,98,784,0,0,coed,n,0,0,NULL,NULL,,1,10/30/2014,NULL,,0,none,0,0,0,,0,0,,,,,,,,,,,,,,
102,n,J-Min,제이민,Oh Ji-min,,1,0,0,0,0,female,y,0,0,2007,NULL,"{K"":""J-Min""","F:""JMin.smtown""","W:""j-min.smtown.com""","T:""oh_jimin""","I:""jimin0""}""",0,7/15/2014,5/27/1988,,0,none,723,0,0,,0,0,,,,,,,,,,
103,n,Jenyer,전지윤,Jeon Ji-yoon,,292,0,0,0,0,female,y,7,0,2016,NULL,"{K"":""Jeon_Ji-yoon""","V:""E4435D""","T:""officialJenyer""","I:""jenyerjiyoon""}""",1956,11/2/2016,10/15/1990,,0,none,0,0,0,,0,0,,,,,,,,,,,
104,n,Jessica,제시카,Jung Soo-yeon,Jessica Jung; 정수연,53,0,0,0,0,female,y,78,0,2016,NULL,"{K"":""Jessica_Jung""","T:""syjessicca""","V:""F3517B""","I:""jessica.syj""}""",1615,5/17/2016,4/18/1989,,0,none,165335,20,0,,0,0,,,,,,,,,,,
105,n,Jimin,지민,Shin Ji-min,신지민,10,0,0,0,0,female,y,16,0,2015,2020,"{K"":""Shin_Ji-min""","W:""fncent.com\/JIMIN""","I:""jiminbaby_18""}""",0,3/3/2016,1/8/1991,,0,none,0,12,0,,0,0,,,,,,,,,,,,
106,n,Jamie,제이미,Park Ji-min,Park Jimin,274,0,0,0,0,female,y,241,0,2015,NULL,"{K"":""Park_Ji-min_(singer""","I:""jiminxjamie""","T:""jiminpark07""","A:""park-jimin\/715442377""}""",1843,4/5/2015,7/5/1997,,0,none,0,0,0,,0,0,,,,,,,,,,,
107,n,JJ Project,제이제이 프로젝트,,,0,0,0,0,0,male,n,80,80,2012,NULL,"{K"":""JJ_Project""","W:""jjproject.jype.com""}""",1804,5/19/2012,NULL,,0,none,130309,4,0,,0,0,,,,,,,,,,,,,
108,n,JJCC,제이제이씨씨,,,66,0,0,0,0,male,n,0,0,2014,NULL,"{K"":""JJCC""","T:""officialjjcc""","F:""DoubleJCofficial""","V:""FA699""}""",3418,3/13/2014,NULL,,0,none,3169,0,0,,0,0,,,,,,,,,,,
109,n,Jonghyun ☮,종현,Kim Jong-hyun,Jonghyun,1,0,0,0,0,male,y,172,172,2008,2017,"{K"":""Kim_Jong-hyun_(singer)""}""",441,1/8/2015,4/8/1990,,0,none,540297,74,2,"{GDA"":2}""",2,0,,,,,,,,,,,,,,
110,n,Juniel,주니엘,Choi Suh-ah,Choi Seo-ah; 최서아; Choi Jun-hee; 최선아,93,0,0,0,0,female,y,0,0,2011,NULL,"{K"":""Juniel""","T:""junielism""","F:""officialjuniel""","V:""DC2461""","I:""930903_juni""}""",1483,6/7/2012,9/3/1993,,0,none,16187,63,0,"{GDA"":1}""",1,0,,,,,,,,,,
111,n,JYJ,제이와이제이,,,67,0,0,0,0,male,n,207,207,2010,NULL,"{K"":""JYJ""","F:""CJESJYJ""","W:""www.c-jes.com""","I:""official_jyj""}""",904,9/28/2011,NULL,,316576,none,1069047,61,0,,0,0,,,,,,,,,,,
112,n,JYPark,박진영,Park Jin-young,JYP; Park Jinyoung,14,0,0,0,0,male,y,0,0,1994,NULL,"{K"":""J._Y._Park""","F:""followjyp""","W:""jyp.jype.com""","T:""followjyp""","I:""asiansoul_jyp""}""",0,9/1/1994,12/13/1971,,649527,some,653167,133,2,"{GDA"":2","MAMA:1}""",3,0,,,,,,,,,
113,n,KARD,카드,,K.A.R.D,2,0,0,0,0,coed,n,0,0,2016,NULL,"{K"":""Kard_(band)""","T:""kard_official""","I:""official_kard""","F:""officialkard""","V:""E6431D""","W:""www.kard-official.com""","Y:""UC5OwlwvsVmf_lXHguB6OYFw""","U:""KARD""","A:""kard\/1215832588""","S:""2JhAlkmukNvarUpGhTFXUQ""}""",1951,12/13/2016,NULL,Hidden KARD,0,none,56793,1,0,,0,3330000,,,,,
114,n,K.will,케이윌,Kim Hyung-soo,김형수;kwill,5,0,0,0,0,male,y,0,0,2005,NULL,"{K"":""K.Will""","F:""officialkwill""","I:""kwill_official""}""",3422,3/6/2007,12/30/1981,,4193,none,81353,369,4,"{GDA"":3",MMA:3,MAMA:1,"SMA:3}""",10,0,,,,,,,,,
115,y,K.will + Baekhyun,케이윌 + 변백현,,,0,114,25,0,0,male,n,0,0,NULL,NULL,,1646,5/12/2016,NULL,,0,none,0,0,0,,0,0,,,,,,,,,,,,,,
116,y,K.will + Davichi,케이윌 + 다비치,,,0,114,53,0,0,coed,n,0,0,NULL,NULL,[],1333,1/5/2016,NULL,,0,none,0,0,0,,0,0,,,,,,,,,,,,,,
117,n,Kara,카라,,,2,0,0,0,0,female,n,0,0,2007,2016,"{K"":""Kara_(South_Korean_band)""","T:""kara_dsp""","F:""dspofficialkara""}""",11044,3/29/2007,NULL,Kamilia,345403,none,672688,116,2,"{GDA"":2",MMA:1,MAMA:1,"SMA:3}""",7,0,,,,,,,,,
118,y,Kim Heechul + WheeIn,김희철 + 휘인,,,0,480,289,0,0,coed,n,0,0,NULL,NULL,,1649,4/14/2016,NULL,,0,none,0,0,0,,0,0,,,,,,,,,,,,,,
119,n,Sejeong,세정,Kim Se-jeong,,36,0,0,0,0,female,y,81,0,2017,NULL,"{K"":""Kim_Se-jeong""","I:""clean_0828""","D:""sejeong-gugudan""}""",6291,12/2/2019,8/28/1996,,0,none,10174,30,0,,0,0,,,,,,,,,,,,
120,n,Kisum,키썸,Jo Hye-rung,조혜령,330,0,0,0,0,female,y,0,0,2013,NULL,"{K"":""Kisum""","I:""kisum0120""","F:""Kisumofficial""","V:""F82E1""}""",11467,12/27/2013,1/20/1994,,0,none,1402,26,0,,0,0,,,,,,,,,,,
121,y,Kisum + Homme,키썸 + 옴므,,,0,120,788,0,0,coed,n,0,0,NULL,NULL,,1672,9/1/2015,NULL,,0,none,0,0,0,,0,0,,,,,,,,,,,,,,
122,y,Kisum + Hwasa,키썸 + 화사,,,0,120,287,0,0,female,n,0,0,NULL,NULL,,1667,10/28/2015,NULL,,0,none,0,0,0,,0,0,,,,,,,,,,,,,,
123,n,Kyuhyun,규현,Cho Kyu-hyun,,1,0,0,0,0,male,y,189,189,2009,NULL,"{K"":""Cho_Kyuhyun""","W:""kyuhyun.smtown.com\/Intro""","T:""gaemgyu""","I:""gyuram88""}""",1490,11/13/2014,2/3/1998,,0,none,295967,174,0,"{GDA"":1}""",1,0,,,,,,,,,,,
124,n,Kyung Park,박경,Park Kyung,,56,0,0,0,0,male,y,32,32,2015,NULL,"{K"":""Park_Kyung""","T:""kyungpark1992""","I:""qkrrud78""}""",1352,9/21/2015,7/8/1992,,0,none,13002,49,0,,0,0,,,,,,,,,,,,
125,n,Laboum,라붐,,,434,0,0,0,0,female,n,0,0,2014,NULL,"{K"":""Laboum""","F:""officialLABOUM""","T:""officialLABOUM""","V:""EF81F5""","I:""officiallaboum""}""",1126,8/27/2014,NULL,Latte,0,none,57695,25,0,,0,0,,,,,,,,,,
126,n,Ladies' code,레이디스 코드,,,32,0,0,0,0,female,n,0,0,2013,2020,"{K"":""Ladies\\\\\\'_Code""","F:""polaris.lc""","V:""F60125""","T:""polaris_lc""","I:""ladiescode_official""}""",14151,3/7/2013,NULL,Lavely,0,none,16137,55,0,,0,0,,,,,,,,,,
127,n,Lay,레이,Zhang Yixing,,1,0,0,0,0,male,y,61,127,2016,NULL,"{I"":""zyxzjs""","K:""Lay_(entertainer)""","T:""zyxzjx""}""",0,10/7/2016,10/7/1991,,0,none,21214,0,0,,0,0,,,,,,,,,,,,
128,n,Lee Hi,이하이,Lee Ha-yi,,255,0,0,0,0,female,y,85,0,2012,NULL,"{K"":""Lee_Hi""","F:""OfficialLEEHI""","Y:""UCT86dWwZWeJWGQCDzbipU-A""","V:""F57137""","I:""leehi_hi""","T:""leehi_hi""","U:""OfficialLEEHI""","A:""leehi\/1484046668""","W:""www.aomgofficial.com\/leehi""}""",723,10/29/2012,9/23/1996,,0,none,39649,242,4,"{GDA"":2","SMA:1}""",3,1710000,,,,,
129,n,Lee Hyori,이효리,Lee Hyo-ri,Linda G; 린다G,332,0,0,0,0,female,y,688,688,2003,NULL,"{K"":""Lee_Hyori""","I:""hyoleehyolee""}""",6569,8/13/2003,5/10/1979,,348346,none,369006,87,4,"{GDA"":1",MAMA:3,"SMA:2}""",6,0,,,,,,,,,,,
130,n,Lee Seung Gi,이승기,Lee Seung-gi,,333,0,0,0,0,male,y,0,0,2004,NULL,"{K"":""Lee_Seung-gi""","I:""leeseunggi.official""","W:""www.leeseunggi.com""}""",3502,6/25/2004,1/13/1987,,223539,none,375868,177,3,"{GDA"":3",MMA:1,MAMA:3,"SMA:5}""",12,0,,,,,,,,,
131,n,LeeSSang,리쌍,,,0,0,0,0,0,male,n,0,0,2002,NULL,"{K"":""Leessang""","U:""Leessang""","Y:""UCwWoDgX_W0go5P4z9RHPwBw""}""",15991,6/27/2002,NULL,,125040,none,164682,164,3,"{MMA"":1","MAMA:3}""",4,38600,,,,,,,,,,,
132,n,Lim Chang Jung,임창정,Im Chang-jung,,335,0,0,0,0,male,y,0,0,1995,NULL,"{K"":""Im_Chang-jung""","I:""imchangjung3309""}""",0,4/1/1995,11/30/1973,,2597021,none,2638221,366,6,"{GDA"":3",MMA:1,"SMA:2}""",6,0,,,,,,,,,,,
133,n,Lim Kim,김예림,Kim Ye-rim,,0,0,0,0,0,female,y,0,0,2012,NULL,"{K"":""Lim_Kim""","I:""limkim12121""","F:""officiallimkim""","T:""limkim12121""}""",11855,6/17/2013,1/21/1994,,0,none,8193,64,0,"{KMA"":2",GDA:1,"SMA:1}""",4,0,,,,,,,,,
134,n,Lovelyz,러블리즈,,,34,0,0,0,0,female,n,0,0,2014,NULL,"{K"":""Lovelyz""","I:""official_lvlz8_""","F:""lvlz8""","T:""Official_LVLZ""","V:""FB183""","W:""www.lvlz8.com""}""",1115,11/17/2014,NULL,Lovelinus,0,none,390425,78,0,,0,0,,,,,,,,,
135,n,Luna,루나,Park Sun-young,,337,0,0,0,0,female,y,65,65,2016,NULL,"{K"":""Luna_(singer)""","T:""listenluna""","I:""hermosavidaluna""","Y:""UCXmZgjKHO2yyDTqjM_AtTUw""","A:""luna\/994088675""","W:""luna.smtown.com""}""",1639,5/30/2016,8/12/1993,,0,none,18099,4,0,,0,2770,,,,,,,,,
136,n,Lyn,린,Lee Se-jin,Se-jin,0,0,0,0,0,female,y,0,0,2002,NULL,"{K"":""Lyn_(singer)""","I:""lovelyn_i""","F:""lovelyn.sejin""}""",0,12/13/2000,11/9/1981,,122099,none,126887,169,1,,0,0,,,,,,,,,,,,
137,n,Mad Clown,매드클라운,Jo Dong-rim,조동림; 마미손; Mommy Son,5,0,0,0,0,male,y,0,0,2008,NULL,"{K"":""Mad_Clown""","F:""officialmadc""","T:""real_mad_clown""}""",0,10/22/2008,3/25/1985,,0,none,3219,92,1,"{MMA"":1}""",1,0,,,,,,,,,,,,
138,n,Mamamoo,마마무,,,44,0,0,0,0,female,n,0,0,2014,NULL,"{K"":""Mamamoo""","F:""RBW.MAMAMOO""","T:""RBW_MAMAMOO""","V:""FCD4B""","I:""mamamoo_official""","Y:""UCuhAUMLzJxlP1W7mEk0_6lA""","D:""mamamoo""}""",1086,6/18/2014,NULL,Moomoo,0,none,949709,435,1,"{GDA"":4",MMA:3,MAMA:1,"SMA:4}""",12,6580000,,,,,
139,n,Max,최강창민,Shim Chang-min,심창민; Max Changmin,1,0,0,0,0,male,y,207,207,2015,NULL,"{K"":""Changmin""","I:""changmin88""}""",6009,4/6/2020,2/18/1988,,0,none,148214,4,0,,0,0,,,,,,,,,,,,,
140,n,MBLAQ,엠블랙,,,48,0,0,0,0,male,n,0,0,2009,NULL,"{K"":""MBLAQ""","T:""MBLAQ_CAMP""","F:""jtunecampofficial""","U:""jtunecamp""}""",3507,10/14/2009,NULL,A+,42000,none,330353,97,0,"{GDA"":1}""",1,0,,,,,,,,,,,
141,n,Minah,방민아,Bang Min-ah,,13,0,0,0,0,female,y,77,0,2015,NULL,"{K"":""Bang_Min-ah""","I:""bbang_93""","T:""girls_day_minah""}""",738,3/15/2015,5/13/1993,,0,none,0,0,0,,0,0,,,,,,,,,,,,
142,n,Miss A,미쓰에이,,,14,0,0,0,0,female,n,0,0,2010,2017,"{K"":""Miss_A""","F:""saymissA""","T:""jypemissa""","V:""EE9F""}""",551,7/1/2010,NULL,Say A,19837,none,111748,143,8,"{KMA"":1",GDA:3,MAMA:4,"SMA:3}""",11,0,,,,,,,,
143,n,MONSTA X,몬스타엑스,,,5,0,0,0,0,male,n,0,0,2015,NULL,"{K"":""Monsta_X""","F:""OfficialMonstaX""","T:""officialmonstax""","I:""official_monsta_x""","A:""monsta-x\/992315362""","D:""monsta-x""","Y:""UCZvCP6sWj75MwpUP4LVtpNw""","U:""monstax""","V:""FE123""","S:""4TnGh5PKbSjpYqpIdlW5nz""","W:""monstax-e.com\/""}""",1609,5/14/2014,NULL,Monbebe,0,none,2948720,1,0,"{GDA"":6",MMA:2,"SMA:5}""",13,2340000,,
144,y,Moon Byul + Hwasa,문별 + 화사,,,44,296,287,0,0,female,n,0,0,NULL,NULL,,1857,8/30/2016,NULL,,0,none,0,0,0,,0,0,,,,,,,,,,,,,,
145,n,Moon Hyuna,문현아,Moon Hyun-A,,342,0,0,0,0,female,y,9,9,2017,NULL,"{T"":""moongom119""","I:""moongom119""}""",1972,3/21/2017,1/19/1987,,0,none,0,0,0,,0,0,,,,,,,,,,,,,
146,n,MYNAME,마이네임,,,58,0,0,0,0,male,n,0,0,2011,NULL,"{K"":""Myname""","T:""myname_jp""","W:""www.myname-jp.com""","V:""EF1203""}""",1809,10/27/2011,NULL,MYgirl,0,none,84703,4,0,,0,0,,,,,,,,,,,
147,n,Nasty Nasty,네스티네스티,,,0,0,0,0,0,coed,n,9,9,2014,NULL,,947,9/2/2014,NULL,,0,none,0,2,0,,0,0,,,,,,,,,,,,,,
148,n,NCT 127,엔시티 127,,,1,0,0,0,0,male,n,714,714,2016,NULL,"{K"":""NCT_(band)""","W:""nct.smtown.com""","T:""nctsmtown_127""","F:""NCT.smtown""","I:""nct""","V:""F3C16D""","D:""nct""}""",1688,7/6/2016,NULL,,0,none,6653855,29,0,"{GDA"":5",MAMA:1,"SMA:6}""",12,0,,,,,,
149,n,NCT DREAM,엔시티 드림,,,1,0,0,0,0,male,n,714,714,2016,NULL,,1815,8/24/2016,NULL,,0,none,5167884,24,1,"{GDA"":2",MMA:1,"SMA:2}""",5,0,,,,,,,,,,,,
150,n,NCT U,엔시티,,,1,0,0,0,0,male,n,714,714,2016,NULL,"{K"":""NCT_(band)""","W:""nct.smtown.com""","I:""nct""}""",1566,4/8/2016,NULL,,0,none,0,7,0,,0,0,,,,,,,,,,,,
151,n,NU'EST,뉴이스트,,,9,0,0,0,0,male,n,0,0,2012,2022,"{K"":""NU\\\\\\'EST""","T:""nuestnews""","F:""pledisnuest""","W:""www.pledis.co.kr\/html\/artist\/nuest""","V:""F59133""","I:""nuest_official""","U:""pledisnuest""","D:""nuest""","S:""1iQfn1B8V25iQoolQakyAZ""}""",675,3/15/2012,NULL,LOΛΕ,0,none,1097310,45,0,"{GDA"":3","SMA:2}""",5,0,,,,,
152,n,Oh My Girl,오마이걸,,,28,0,0,0,0,female,n,0,0,2015,NULL,"{K"":""Oh_My_Girl""","Y:""UC-qYkzKFdekoEniRu_FS3zg""","F:""official.ohmygirl""","W:""www.ohmy-girl.com""","I:""wm_ohmygirl""","V:""F51143""","D:""oh-my-girl""}""",1271,4/21/2015,NULL,Miracle,0,none,330576,244,1,"{GDA"":2",MMA:1,"SMA:2}""",5,1,,,,,,
153,n,Orange Caramel,오렌지캬라멜,,오렌지 캬라멜,9,0,0,0,0,female,n,11,11,2010,2015,"{K"":""Orange_Caramel""}""",3517,6/18/2010,NULL,,0,none,48532,106,0,,0,0,,,,,,,,,,,,,,
154,n,Park Bom,박봄,Park Bom,,280,0,0,0,0,female,y,4,0,2006,NULL,"{K"":""Park_Bom""","T:""haroobomkum""","I:""newharoobompark""","F:""haroobommi21""","Y:""UCxhC3DADJBrwijXYnLXX3ag""}""",4921,10/28/2009,3/24/1984,,0,none,22547,47,2,"{MAMA"":1}""",1,76200,,,,,,,,,,
155,n,Park BoRam,박보람,Park Bo-ram,,350,0,0,0,0,female,y,0,0,2014,NULL,"{K"":""Park_Bo-ram""","I:""ramramram2""","F:""officialparkboram""}""",782,8/6/2014,3/1/1994,,0,none,880,99,0,,0,0,,,,,,,,,,,,
156,n,Pristin,프리스틴,,,9,0,0,0,0,female,n,0,0,2016,2019,"{K"":""Pristin""","V:""EC1263""}""",1974,3/21/2017,NULL,,0,none,70576,7,0,"{MAMA"":1","SMA:1}""",2,0,,,,,,,,,,,,
157,n,PRODUCE 101,프로듀스 101,,,0,0,0,0,0,female,n,0,0,2016,2016,"{K"":""Produce_101""}""",0,NULL,NULL,,0,none,0,55,0,,0,0,,,,,,,,,,,,,,
158,n,PSY,싸이,Park Jae Sang,박재상,257,0,0,0,0,male,y,0,0,2001,NULL,"{K"":""Psy""","Y:""UCrDkAvwZum-UTjHmzDI2iIw""","F:""officialpsy""","T:""psy_oppa""","I:""42psy42""","V:""F90C5""","D:""psy""}""",958,2/12/2001,12/31/1977,,372579,none,518974,291,9,"{KMA"":2",GDA:4,MMA:2,MAMA:2,"SMA:3}""",13,15500000,,,,
159,y,PSY + Hyuna,싸이 + 현아,,,0,158,93,0,0,coed,n,0,0,NULL,NULL,,0,NULL,NULL,,0,none,0,0,0,,0,0,,,,,,,,,,,,,,
160,y,PSY + Snoop Dogg,싸이,,,0,158,0,0,0,male,n,0,0,NULL,NULL,[],0,NULL,NULL,,0,none,0,0,0,,0,0,,,,,,,,,,,,,,
161,y,R3hab X f(Amber+Luna),엠버 + 루나,,,0,15,135,0,0,female,n,0,0,NULL,NULL,[],0,NULL,NULL,,0,none,0,0,0,,0,0,,,,,,,,,,,,,,
162,n,Rainbow,레인보우,,,2,0,0,0,0,female,n,0,0,2009,2016,"{K"":""Rainbow_(South_Korean_band)""","F:""Rainbow.DSP""","T:""rainbow_1114""}""",3525,8/12/2010,NULL,,0,none,54615,68,0,,0,0,,,,,,,,,,,,
163,n,Rainbow blaxx,레인보우 blaxx,,,0,0,0,0,0,female,n,162,162,2014,2016,,709,1/19/2014,NULL,,0,none,6436,0,0,,0,0,,,,,,,,,,,,,,
164,n,Rainbow Pixie,레인보우 Pixie,,,0,0,0,0,0,female,n,162,162,2012,2016,,1326,1/11/2012,NULL,,0,none,0,0,0,,0,0,,,,,,,,,,,,,,
165,n,Red Velvet,레드벨벳,,,1,0,0,0,0,female,n,0,0,2014,NULL,"{K"":""Red_Velvet_(band)""","Y:""UCk9GmdlDTBfgGRb7vXeRMoQ""","F:""RedVelvet""","T:""rvsmtown""","W:""redvelvet.smtown.com""","I:""redvelvet.smtown""","V:""DCF447""","A:""red-velvet\/906961899""","D:""red-velvet""}""",771,8/1/2014,NULL,,0,none,1812490,440,3,"{KMA"":1",GDA:4,MMA:3,MAMA:2,"SMA:6}""",16,4840000,,
166,n,Ryeowook,김려욱,Kim Ryeo-wook,Nathan Kim,1,0,0,0,0,male,y,189,0,2016,NULL,"{K"":""Kim_Ryeowook""","W:""ryeowook.smtown.com""","I:""ryeong8706""}""",1485,1/27/2016,6/21/1987,,0,none,0,0,0,,0,0,,,,,,,,,,,,
167,n,San E,산이,Jung San,Rap Genius,354,0,0,0,0,male,y,0,0,2010,NULL,"{K"":""San_E""","T:""san_e""","I:""sanethebigboy""}""",1162,9/13/2010,1/23/1985,,0,none,4219,149,2,"{KMA"":1",GDA:1,MMA:1,MAMA:1,"SMA:1}""",5,0,,,,,,,,
168,n,Secret,시크릿,,,50,0,0,0,0,female,n,0,0,2009,2018,"{K"":""Secret_(South_Korean_band)""","F:""SECRET2009""}""",15575,10/13/2009,NULL,Secret Time,0,none,93497,122,1,"{GDA"":3",MMA:1,"SMA:3}""",7,0,,,,,,,,,,,
169,n,Seohyun,서현,Seo Ju-hyun,,1,0,0,0,0,female,y,78,0,2017,NULL,"{K"":""Seohyun""","I:""seojuhyun_s""}""",1927,1/16/2017,6/28/1991,,0,none,33369,9,0,,0,0,,,,,,,,,,,,,
170,n,SEUNGRI,승리,Lee Seung-hyun,이승현,0,0,0,0,0,male,y,28,0,2006,2019,"{K"":""Seungri""","I:""seungriseyo""","T:""ForvictoRi""}""",1149,1/20/2011,12/12/1990,,0,none,166781,65,0,,0,0,,,,,,,,,,,,
171,n,Seventeen,세븐틴,,SVT,9,0,0,0,0,male,n,0,0,2015,NULL,"{K"":""Seventeen_(South_Korean_band)""","F:""seventeennews""","I:""saythename_17""","V:""F99B3""","T:""pledis_17""","U:""pledis17""","A:""seventeen\/999644772""","D:""seventeen""","Y:""UCfkXDY7vwkcJ8ddFGz8KusA""","S:""7nqOGRxlXj7N2JYbgNEjYH""","W:""www.pledis.co.kr\/html\/artist\/seventeen""","C:""pledis_seventeen""}""",1607,5/26/2015,NULL,Carat,0,none,10044523,159,0,"{GDA"":8",MMA:1,MAMA:2,"SMA:6}""",17,7570000
172,n,SHINee,샤이니,,,1,0,0,0,0,male,n,0,0,2008,NULL,"{K"":""Shinee""","F:""shinee""","I:""shinee_jp_official""","T:""shinee""","D:""shinee""","Y:""UCyPwRgc3gQGqhk6RoGS50Ug""","V:""96DD0B""","A:""shinee\/433371033""}""",898,5/25/2008,NULL,Shawol (Shinee World),350996,none,2547193,225,4,"{GDA"":6",MMA:3,MAMA:4,"SMA:12}""",25,2290000,,,,
173,n,Shinhwa,신화,,,74,0,0,0,0,male,n,0,0,1998,NULL,"{K"":""Shinhwa""","Y:""UCfLAn71HQuv5vVte_85v5AQ""","I:""shinhwa_official""","T:""ShinhwaCompany""","V:""EF51FB""","D:""shinhwa""}""",0,3/24/1998,NULL,Shinhwa Changjo,3073704,none,3520672,56,0,"{GDA"":6",MMA:1,MAMA:5,"SMA:5}""",17,254000,,,,,,
174,n,Sistar,씨스타,,,5,0,0,0,0,female,n,0,0,2010,2017,"{K"":""Sistar""","I:""official_sistar""","F:""officialsistar""","T:""sistarsistar""","V:""FE221""","A:""sistar\/380432623""}""",3542,3/6/2010,NULL,STAR1,0,none,138068,285,12,"{GDA"":8",MMA:5,MAMA:2,"SMA:7}""",22,0,,,,,,
175,n,Sistar19,씨스타19,,,5,0,0,0,0,female,n,174,174,2011,2017,"{A"":""sistar19\/435883186""}""",906,5/2/2011,NULL,,0,none,13964,44,2,,0,0,,,,,,,,,,,,,,
176,y,Solar + WheeIn,솔라 + 휘인,,,44,273,289,0,0,female,n,0,0,NULL,NULL,,1856,8/30/2016,NULL,,0,none,0,0,0,,0,0,,,,,,,,,,,,,,
177,n,Sonamoo,소나무,,,50,0,0,0,0,female,n,0,0,2014,NULL,"{K"":""Sonamoo""","I:""sonamoo_insta""","V:""F6511B""","F:""officialsonamoo""}""",1823,12/29/2014,NULL,Solbangul,0,none,16861,0,0,,0,0,,,,,,,,,,,
178,n,Soyou,소유,Kang Ji Hyun,,437,0,0,0,0,female,y,174,0,2017,NULL,"{K"":""Soyou""","I:""soooo_you""","F:""OfficialSoyou""","T:""official_soyou""","V:""D9D4AB""}""",2285,9/7/2017,2/12/1992,,0,none,4222,40,0,,0,0,,,,,,,,,,
179,y,Soyou + Brother Su,소유 + 브라더수,,,0,178,811,0,0,coed,n,0,0,NULL,NULL,,1062,10/13/2015,NULL,,0,none,0,0,0,,0,0,,,,,,,,,,,,,,
180,y,Soyou + Junggigo,소유 + 고정기,,,0,178,477,0,0,coed,n,0,0,NULL,NULL,,0,NULL,NULL,,0,none,0,52,2,"{KMA"":2",GDA:2,"SMA:1}""",5,0,,,,,,,,,,,,
181,y,Soyou + 10cm,소유 + 십센치,,,0,178,425,0,0,coed,n,0,0,NULL,NULL,,0,NULL,NULL,,0,none,0,0,0,,0,0,,,,,,,,,,,,,,
182,y,Soyou + Baekhyun,소유 + 변백현,,,0,178,25,0,0,coed,n,0,0,NULL,NULL,[],11852,2/13/2017,NULL,,0,none,0,0,0,,0,0,,,,,,,,,,,,,,
183,n,SPEED,스피드,,,4,0,0,0,0,male,n,868,868,2012,2016,"{K"":""Speed_(South_Korean_band)""}""",3568,1/15/2013,NULL,,0,none,6901,7,0,,0,0,,,,,,,,,,,,,,
184,n,SPICA,스피카,,,19,0,0,0,0,female,n,0,0,2012,2017,"{K"":""Spica_(band)""","T:""SPICA""","F:""officialspica""","U:""spicaofficial""}""",1227,2/7/2012,NULL,Mercury,0,none,6723,42,0,,0,0,,,,,,,,,,,
185,n,SS501,더블에스오공일,,,2,0,0,0,0,male,n,0,0,2005,2010,"{K"":""SS501""","I:""ss501new""}""",11166,6/8/2005,NULL,Triple S,396100,none,400050,10,0,"{MAMA"":2","SMA:2}""",4,0,,,,,,,,,,,,
186,n,Stellar,스텔라,,,49,0,0,0,0,female,n,0,0,2011,2018,"{K"":""Stellar_(South_Korean_band)""","I:""official_stellar""","V:""F1E1A9""}""",670,8/28/2011,NULL,Twinkle,0,none,8727,7,0,,0,0,,,,,,,,,,,,
187,n,Dalsooobin,박수빈,Park Su-bin,Subin,261,0,0,0,0,female,y,51,0,2014,NULL,"{K"":""Park_Subin""","T:""dal_sooobin""","I:""dalsooobin""","Y:""UCNBqgJYMhqRm9HFvl2a3fzw""","A:""dalsooobin\/1455073791""}""",0,5/12/2016,2/12/1994,,0,none,0,0,0,,0,10800,,,,,,,,,,
188,n,Sunny Hill,써니힐,,,247,0,0,0,0,female,n,0,0,2007,2017,"{K"":""Sunny_Hill""}""",0,9/20/2007,NULL,,0,none,19423,90,0,,0,0,,,,,,,,,,,,,,
189,n,Super Junior,슈퍼주니어,,슈퍼주니어 해피;Super Junior Happy,1,0,0,0,0,male,n,0,0,2005,NULL,"{K"":""Super_Junior""","F:""superjunior""","I:""superjunior""","W:""superjunior.smtown.com""","V:""D744FD""","T:""SJofficial""","D:""super-junior""}""",3570,11/6/2005,NULL,ELF,1114239,none,4578966,85,0,"{GDA"":13",MMA:2,MAMA:5,"SMA:14}""",34,0,,,,,
190,n,Super Junior-D&E,슈퍼주니어-D&E,,SUPER JUNIOR-D&E;슈퍼주니어 D&E,1,0,0,0,0,male,n,189,189,NULL,NULL,[],1536,NULL,NULL,,0,none,881546,4,0,,0,0,,,,,,,,,,,,,,
191,n,Super Junior-M,슈퍼주니어-M,,,1,0,0,0,0,male,n,189,189,NULL,NULL,,0,NULL,NULL,,0,none,121384,2,0,,0,0,,,,,,,,,,,,,,
192,y,Suzy + Baekhyun,수지 + 변백현,,수지(Suzy)+백현(BAEKHYUN),0,281,25,0,0,coed,n,0,0,2016,NULL,,0,NULL,NULL,,0,none,36900,24,3,"{GDA"":1}""",1,0,,,,,,,,,,,,,,
193,n,T-ara,티아라,,,4,0,0,0,0,female,n,0,0,2009,NULL,"{K"":""T-ara""","F:""officialtara""","D:""t-ara""}""",8663,7/29/2009,NULL,QUEEN'S,105311,none,643311,253,6,"{GDA"":2",MMA:2,"SMA:3}""",7,0,,,,,,,,,,
194,y,T-ara + Davichi,티아라 + 다비치,,,0,193,53,0,0,female,n,0,0,NULL,NULL,,0,NULL,NULL,,0,none,0,0,0,,0,0,,,,,,,,,,,,,,
195,n,T-ara N4,티아라 N4,,,4,0,0,0,0,female,n,193,193,2013,2017,"{K"":""T-ara_N4""}""",841,4/28/2013,NULL,,0,none,28360,9,0,,0,0,,,,,,,,,,,,,,
196,n,T.O.P,탑,Choi Seung-hyun,,3,0,0,0,0,male,y,28,28,2010,NULL,"{K"":""T.O.P_(rapper)""","I:""choi_seung_hyun_tttop""","T:""choidot""","F:""choishdot""","W:""choiseunghyun.com""}""",887,6/17/2010,11/4/1987,,0,none,18658,23,0,,0,0,,,,,,,,,,
197,n,Tablo,타블로,Lee Seon Woong,Daniel Armand Lee,0,0,0,0,0,male,y,57,0,NULL,NULL,"{K"":""Tablo""","I:""blobyblo""","T:""blobyblo""}""",0,11/1/2011,7/22/1980,,0,none,0,33,0,,0,0,,,,,,,,,,,,
198,n,Taemin,태민,Lee Tae Min,,1,0,0,0,0,male,y,172,172,2014,NULL,"{K"":""Lee_Tae-min""","I:""lm_____ltm""","T:""taeminbiased""","D:""taemin-shinee""}""",439,8/15/2014,7/18/1993,,0,none,947044,32,0,"{GDA"":2",MAMA:2,"SMA:2}""",6,0,,,,,,,,,
199,n,TAEYANG,태양,Dong Yong Bae,SOL,3,0,0,0,0,male,y,28,28,2008,NULL,"{K"":""Taeyang""","I:""__youngbae__""","F:""TAEYANG""","T:""realtaeyang""}""",1321,5/22/2008,5/18/1988,,163209,none,274809,128,1,"{KMA"":2",GDA:2,MMA:2,"MAMA:4}""",10,0,,,,,,,,
200,n,Taeyeon,태연,Kim Taeyeon,,1,0,0,0,0,female,y,78,329,2007,NULL,"{K"":""Kim_Tae-yeon""","I:""taeyeon_ss""","W:""taeyeon.smtown.com""","Y:""UCFPI8MI3zmzTlV4W-oSy-Ig""","A:""taeyeon\/435966642""","D:""taeyeon-girls-generation""","S:""3qNVuliS40BLgXGxhdBdqu""}""",1019,10/6/2015,3/9/1989,,0,none,1124187,515,12,"{GDA"":4",MMA:3,MAMA:3,"SMA:4}""",14,430000,,,,,
202,n,Teen Top,틴탑,,틴 탑,61,0,0,0,0,male,n,0,0,2010,NULL,"{K"":""Teen_Top""","Y:""UCzIrJF-paJrXpvdYpS5LnTw""","F:""TeenzOnTopOfficial""","W:""www.teentop.co.kr""","I:""teentop_2ch""","V:""FD045""","T:""TEEN_TOP""}""",3574,7/9/2010,NULL,Angel,10979,none,721929,99,0,"{GDA"":1}""",1,694000,,,,,,,,
203,n,The Ark,디아크,,,0,0,0,0,0,female,n,0,0,2015,2016,"{T"":""TheArk_official""","F:""official.TheArk""}""",1272,4/9/2015,NULL,,0,none,0,0,0,,0,0,,,,,,,,,,,,,
204,n,Tiffany,티파니,Stephanie Young Hwang,황미영; Hwang Mi Young;Tiffany Young,0,0,0,0,0,female,y,78,0,2016,NULL,"{K"":""Tiffany_Hwang""","I:""Tiffanyyoungofficial""","T:""tiffanyyoung""","Y:""UCSskZ5Xy7KIqauRYG_s-rLQ""}""",1601,5/10/2016,8/1/1989,,0,none,74724,15,0,,0,730000,,,,,,,,,,,
205,n,Trouble Maker,트러블메이커,,,6,0,0,0,0,coed,n,93,93,2011,2014,"{K"":""Trouble_Maker_(duo)""}""",451,11/30/2011,NULL,,0,none,66974,40,2,"{GDA"":1}""",1,0,,,,,,,,,,,,,,
206,n,Turbo,터보,,,78,0,0,0,0,male,n,0,0,1995,NULL,"{K"":""Turbo_(South_Korean_band)""","I:""kjk76""","V:""F5D12B""}""",0,9/6/1995,NULL,,2059748,none,2077925,45,1,,0,0,,,,,,,,,,,,
207,n,TVXQ!,동방신기,,TVXQ,1,0,0,0,0,male,n,0,0,2004,NULL,"{K"":""TVXQ""","T:""tvxq""","F:""tvxq""","W:""tvxq.smtown.com""","I:""tvxq.official""}""",3575,12/26/2003,NULL,Cassiopeia,1818018,none,3312623,55,0,"{GDA"":3",MMA:2,MAMA:4,"SMA:8}""",17,0,,,,,,,
208,n,Twice,트와이스,,トゥワイス,14,0,0,0,0,female,n,0,0,2015,NULL,"{K"":""Twice_(band)""","Y:""UCzgxx_DM2Dcb9Y1spb9mUJA""","F:""JYPETWICE""","I:""twicetagram""","W:""twice.jype.com""","V:""EDBF""","T:""jypetwice""","A:""twice\/1203816887""","D:""twice""","S:""7n2Ycct7Beij7Dj7meI4X0""}""",1109,10/20/2015,NULL,Once,0,none,7265907,579,15,"{GDA"":11",MMA:5,MAMA:11,"SMA:7}""",34,13400000,,
209,n,Two X,투엑스,,,48,0,0,0,0,female,n,0,0,2012,2017,"{K"":""Two_X""","Y:""UCqvceFHDMYDyzwtMQG6NiQA""","T:""twox_intlfanc""}""",1836,8/20/2012,NULL,,0,none,3054,3,0,,0,6340,,,,,,,,,,,,
210,n,U-Kiss,유키스,,,55,0,0,0,0,male,n,0,0,2008,NULL,"{K"":""U-KISS""","I:""ukiss_jun97""","F:""ukiss""","T:""ukisskorea""}""",3576,8/28/2008,NULL,Kissme,44309,none,145197,52,0,,0,0,,,,,,,,,,,
211,n,U-Know Yunho,유노윤호,Jung Yun-ho,Yunho; U-Know,1,0,0,0,0,male,y,207,207,2015,NULL,"{K"":""Yunho""","I:""yunho2154""}""",3577,7/8/2015,2/6/1986,,0,none,334075,0,0,,0,0,,,,,,,,,,,,,
212,n,Uniq,유니크,,,79,0,0,0,0,male,n,0,0,NULL,NULL,"{K"":""Uniq_(band)""","I:""official_uniq5""","T:""uniq_5""","F:""official.UNIQ5""","V:""F88D5""}""",1614,10/20/2014,NULL,Unicorn,0,none,7582,0,0,,0,0,,,,,,,,,,
213,n,UP10TION,업텐션,,,61,0,0,0,0,male,n,0,0,2015,NULL,"{K"":""UP10TION""","T:""up10tion""","I:""u10t_official""","F:""UP10TION""","V:""FCF47""}""",1477,9/11/2015,NULL,HONEY10,0,none,702934,0,0,,0,0,,,,,,,,,,
214,n,Urban Zakapa,어반자카파,,어반 자카파,281,0,0,0,0,coed,n,0,0,2009,NULL,"{K"":""Urban_Zakapa""","F:""urbanzakapa.page""}""",0,NULL,NULL,,0,none,19083,337,2,"{GDA"":1}""",1,0,,,,,,,,,,,,,
215,n,VIXX,빅스,,,36,0,0,0,0,male,n,0,0,2012,NULL,"{K"":""VIXX""","T:""RealVIXX""","F:""RealVIXX""","I:""vixx_stargram""","V:""FE41D""","Y:""UCNEjjFoX8M3aIz416Ep90XA""","D:""vixx""","W:""cafe.daum.net\/RealVIXX""","S:""5BkB3rXc0qIdUtuEnhbK0A""}""",1367,5/24/2012,NULL,Starlight,0,none,1244089,85,0,"{GDA"":3","SMA:4}""",7,1260000,,,,,
216,y,Wendy + Eric Nam,손승완 + 에릭남,,,0,362,58,0,0,coed,n,0,0,NULL,NULL,,0,NULL,NULL,,0,none,0,0,0,,0,0,,,,,,,,,,,,,,
217,n,Winner,위너,,,3,0,0,0,0,male,n,0,0,2014,NULL,"{K"":""Winner_(band)""","T:""yginnercircle""","I:""winnercity""","F:""OfficialYGWINNER""","Y:""UCayQxFAoFCvGariuQCtHRGQ""","V:""FDC2D""","W:""www.ygfamily.com\/artist\/Main.asp?LANGDIV=K&ATYPE=2&ARTIDX=53""","D:""winner""","S:""5DuzBeOgFwViFcv00Q5PFb""}""",868,8/12/2014,NULL,Inner Circle,0,none,828586,303,2,"{GDA"":2",MMA:2,"MAMA:1}""",5,3880000,,,,
218,n,WJSN,우주소녀,,Cosmic Girls,241,0,0,0,0,female,n,0,0,2016,NULL,"{K"":""Cosmic_Girls""","F:""officialcosmicgirls""","T:""WJSN_Cosmic""","I:""wjsn_cosmic""","V:""F5F127""","Y:""UCVaIiqzfKQsi7Qw4-X8TmmA""","D:""wjsn-cosmic-girls""}""",7790,2/25/2016,NULL,Ujung,0,none,653992,9,0,"{SMA"":1}""",1,206000,,,,,,,,
219,n,Wonder Girls,원더걸스,,,14,0,0,0,0,female,n,0,0,2007,2017,"{K"":""Wonder_Girls""","T:""wondergirls""","F:""wondergirlsworld""","V:""F05F""}""",3367,2/13/2007,NULL,Wonderful,219103,none,309959,170,6,"{KMA"":2",GDA:2,MMA:2,MAMA:3,"SMA:4}""",13,0,,,,,,,
220,n,Yesung,예성,Kim Jong Hoon,김종운; Kim Jong Woon; Jerome Kim,1,0,0,0,0,male,y,189,189,2016,NULL,"{K"":""Yesung""","I:""yesung1106""","T:""shfly3424""","W:""yesung.smtown.com""}""",1648,4/18/2016,8/24/1984,,0,none,261127,29,0,,0,0,,,,,,,,,,,
221,n,Yezi,예지,Lee Yeji,,119,0,0,0,0,female,y,66,0,2016,NULL,"{K"":""Yezi""","I:""yeziyaziiii""","T:""fiestar__yezi""}""",1400,1/27/2016,8/26/1994,,0,none,0,13,0,,0,0,,,,,,,,,,,,
222,y,Yoona + 10cm,윤아 + 십센치,,,0,453,425,0,0,coed,n,0,0,NULL,NULL,,0,NULL,NULL,,0,none,0,0,0,,0,0,,,,,,,,,,,,,,
223,y,Yuri + Seohyun,유리 + 서현,,,0,333,169,0,0,female,n,0,0,NULL,NULL,,0,NULL,NULL,,0,none,0,0,0,,0,0,,,,,,,,,,,,,,
224,n,ZEA,제국의 아이들,,,15,0,0,0,0,male,n,0,0,2010,NULL,"{K"":""ZE:A""","T:""zea_9""}""",10606,1/7/2010,NULL,ZE:A Style,0,none,89140,48,0,,0,0,,,,,,,,,,,,,
225,n,Zico,지코,Woo Jiho,우지호,262,0,0,0,0,male,y,32,0,NULL,NULL,"{K"":""Zico_(rapper)""","I:""woozico0914""","T:""zico92""}""",4846,11/7/2014,9/14/1992,,0,none,85854,371,11,"{GDA"":4",MMA:3,MAMA:4,"SMA:1}""",12,0,,,,,,,,,
226,n,Zion.T,자이언티,Kim Hae-sol,,277,0,0,0,0,male,y,0,0,2011,NULL,"{K"":""Zion.T""","I:""ziont""","T:""SkinnyRed""}""",1077,4/8/2013,4/13/1989,,0,none,14671,258,4,"{KMA"":2",GDA:1,MMA:1,MAMA:1,"SMA:1}""",6,0,,,,,,,,
227,y,Hyolyn + Changmo,효린 + 창모,,,0,88,550,0,0,coed,n,0,0,2017,NULL,,0,NULL,NULL,,0,none,0,0,0,,0,0,,,,,,,,,,,,,,
228,n,Minzy,공민지,Gong Min-ji,,341,0,0,0,0,female,y,4,4,2017,NULL,"{K"":""Minzy""","T:""mingkki21""","I:""_minzy_mz""","F:""officialminzy""","V:""F081D5""","W:""themusicworks.co.kr\/kongminzy\/introduce\/""}""",2022,4/16/2017,1/18/1994,,0,none,3347,1,0,,0,0,,,,,,,,,
229,n,Berry Good,베리굿,,BerryGood,148,0,0,0,0,female,n,0,0,2014,NULL,"{K"":""Berry_Good""","T:""berrygood2014""","F:""Berrygoodofficial""","V:""E982B5""","I:""berrygood_official""","Y:""UCuis1ZmbYTt5GP6yszCC0EQ""}""",8492,5/21/2014,NULL,Very Berry,0,none,4254,0,0,,0,89800,,,,,,,,,
230,n,Nell,넬,,,0,0,0,0,0,male,n,0,0,2001,NULL,"{K"":""Nell_(band)""","T:""nellband""","F:""NellHome""","I:""spacebohemians""","U:""nellhome""","V:""FB777""}""",0,NULL,NULL,,0,none,74813,65,0,"{GDA"":1",MMA:1,"MAMA:1}""",3,0,,,,,,,
231,n,Heize,헤이즈,Jang Da-hye,,257,0,0,0,0,female,y,0,0,2014,NULL,"{K"":""Heize""","F:""HeizeOfficial""","T:""heize_official""","D:""heize""}""",0,1/17/2014,8/9/1991,,0,none,25241,503,3,"{GDA"":2",MMA:4,MAMA:4,"SMA:1}""",11,0,,,,,,,,
232,n,CocoSori,코코소리,,,97,0,0,0,0,female,n,0,0,2016,2019,"{K"":""CocoSori""","A:""cocosori\/1079793384""}""",3321,1/5/2016,NULL,,0,none,1294,0,0,,0,0,,,,,,,,,,,,,
233,n,Mixx,믹스,,,84,0,0,0,0,female,n,0,0,2016,2017,,2041,5/2/2016,NULL,,0,none,0,0,0,,0,0,,,,,,,,,,,,,,
234,n,Tahiti,타히티,,,29,0,0,0,0,female,n,0,0,2012,2018,"{K"":""Tahiti_(band)""}""",3573,6/23/2012,NULL,,0,none,3169,3,0,,0,0,,,,,,,,,,,,,,
235,n,NC.A,앤씨아,Im Soeun,"임소은,NCA",230,0,0,0,0,female,y,295,295,2013,NULL,"{K"":""NC.A""","I:""love_nca""","T:""lovenca""","F:""LoveNCA""","Y:""UC0uC68EqMObiXzSmKok9m8Q""","A:""nc-a\/687179874""}""",3295,8/13/2013,10/7/1996,,0,none,1873,6,0,,0,110000,,,,,,,,,
236,n,Royal Pirates,로열 파이럿츠,,Fading From Dawn,0,0,0,0,0,male,n,0,0,2013,NULL,"{F"":""royalpirates""","K:""Royal_Pirates""","T:""royalpirates""","I:""official_royalpirates""}""",3526,8/25/2013,NULL,,0,none,4318,0,0,,0,0,,,,,,,,,,,
237,n,Gummy,거미,Park Ji-yeon,박지연,67,0,0,0,0,female,y,0,0,2003,NULL,"{K"":""Gummy_(singer)""}""",0,2/3/2003,4/8/1981,,312748,none,317368,287,2,"{KMA"":1",GDA:1,MMA:1,"MAMA:1}""",4,0,,,,,,,,,,,
239,n,MelodyDay,멜로디데이,,Melody Day,0,0,0,0,0,female,n,0,0,2012,2018,"{K"":""Melody_Day_(band)""","F:""MelodyDay225""","T:""melodyday225""","W:""www.melodyday.co.kr""","I:""meldy.gram""}""",3508,2/24/2014,NULL,,0,none,3901,27,0,,0,0,,,,,,,,,,
240,n,Song Ji Eun,송지은,Song Ji-eun,,359,0,0,0,0,female,y,168,168,2013,NULL,"{K"":""Song_Ji-eun""}""",0,12/14/2009,5/5/1990,,0,none,15719,30,1,,0,0,,,,,,,,,,,,,,
241,n,15&,피프틴앤드,,,14,0,0,0,0,female,n,0,0,2012,NULL,"{W"":""15and.jype.com""","T:""15andOfficial""","K:""15&""","F:""15andOfficial""","A:""15\/566633037""}""",2061,10/5/2012,NULL,,0,none,2378,7,0,,0,0,,,,,,,,,,
242,n,Baek Yerin,백예린,Eliane Baek Ye-rin,Yerin Baek,252,0,0,0,0,female,y,241,1076,2015,NULL,"{K"":""Baek_Ye-rin""","C:""eyriej""","I:""yerin_the_genuine""}""",3298,11/29/2015,6/26/1997,,0,none,57210,175,2,"{KMA"":4","MMA:2}""",6,0,,,,,,,,,,,
243,n,RaNia,라니아,,,51,0,0,0,0,female,n,0,0,2011,2016,"{K"":""Rania_(band)""","T:""drmusic_rania""","I:""rania_official""}""",2066,4/6/2011,NULL,,0,none,2582,12,0,,0,0,,,,,,,,,,,,
244,n,BP Rania,라니아,,,0,0,0,0,0,female,n,243,243,2017,NULL,"{K"":""Rania_(band)""}""",14149,12/29/2016,NULL,,0,none,0,0,0,,0,0,,,,,,,,,,,,,,
245,n,Romeo,로미오,,,72,0,0,0,0,male,n,0,0,2015,NULL,"{K"":""Romeo_(band)""","F:""teamct.romeo""","T:""teamct_romeo""","I:""ct.romeo""","V:""EA529B""}""",2070,11/4/2015,NULL,,0,none,26926,0,0,,0,0,,,,,,,,,,
246,n,Snuper,스누퍼,,,75,0,0,0,0,male,n,0,0,2015,NULL,"{K"":""Snuper""","W:""snuper.kr""","F:""SNUPER6""","T:""snuper6""","I:""snuper6""","V:""F141BD""}""",15562,11/16/2015,NULL,Swing,0,none,105275,0,0,,0,0,,,,,,,,,
247,n,Sungyeol,이성열,Lee Sung-yeol,,0,0,0,0,0,male,y,96,0,2012,NULL,"{K"":""Lee_Sung-yeol""","I:""leeseongyeol_1991""","T:""seongyeol1991""}""",0,NULL,8/27/1991,,0,none,0,0,0,,0,0,,,,,,,,,,,,
248,n,AOA Black,에이오에이 블랙,,,10,0,0,0,0,female,n,16,16,2013,NULL,"{A"":""aoa\/1080563762""}""",606,7/26/2013,NULL,ELVIS,0,none,0,0,0,,0,0,,,,,,,,,,,,,,
249,n,JeA,제아,Kim Hyo-jin,,8,0,0,0,0,female,y,37,0,2012,NULL,"{K"":""JeA""}""",2082,1/4/2013,9/18/1981,,0,none,3787,29,0,,0,0,,,,,,,,,,,,,,
250,n,Triple H,트리플 H,,,6,0,0,0,0,coed,n,0,0,2017,NULL,"{K"":""Triple_H_(band)""","W:""cubeent.co.kr\/tripleh""","I:""cube_triple_h""","A:""triple-h\/1368724096""","S:""1klFdLh3pak3eOtJP0styY""}""",2089,5/1/2017,NULL,,0,none,16762,1,0,,0,0,,,,,,,,,,
251,n,Ahn Sohee,안소희,Ahn So-hee,,0,0,0,0,0,female,y,219,0,2019,NULL,"{K"":""Ahn_So-hee""","I:""ssoheean""","F:""AhnSohee0627""}""",0,NULL,6/27/1992,,0,none,0,0,0,,0,0,,,,,,,,,,,,
252,n,Elris,엘리스,,,91,0,0,0,0,female,n,0,0,2017,NULL,"{K"":""Elris""","F:""elris.official""","T:""hunus_elris""","V:""DED40B""","I:""hunus_elris""","Y:""UC-MRBhuTep3dzojQd5RvoFA""}""",2114,7/1/2017,NULL,,0,none,19500,0,0,,0,76200,,,,,,,,,
253,n,Hyo,효연,Kim Hyo-yeon,Hyoyeon; 김효연,1,0,0,0,0,female,y,78,329,2016,NULL,"{K"":""Kim_Hyo-yeon""","W:""hyoyeon.smtown.com""}""",2116,12/1/2016,9/22/1989,,0,none,0,0,0,,0,0,,,,,,,,,,,,,
254,y,NC.A + Sugarbowl,앤씨아 + 슈가볼,,,0,235,590,0,0,coed,n,0,0,2017,NULL,,5630,6/30/2017,NULL,,0,none,0,0,0,,0,0,,,,,,,,,,,,,,
255,n,Jeong Eun Ji,정은지,Jeong Eun-ji,Eunji,194,0,0,0,0,female,y,18,18,2012,NULL,"{K"":""Jung_Eun-ji""","T:""apinkjej""","D:""eunji-apink""}""",2144,4/18/2016,8/18/1993,,0,none,113093,62,1,"{MMA"":2}""",2,0,,,,,,,,,,,,
256,n,Jessi,제시,Ho Hyun-ju,,257,0,0,0,0,female,y,688,0,2005,NULL,"{K"":""Jessi_(musician)""","F:""jessihomusic""","T:""jessihoempire""","V:""FC757""","Y:""UCN2bQLTTvNPZWCWU5TYghKA""","D:""jessi""}""",3417,12/1/2005,12/17/1988,,1926,none,3017,67,0,"{GDA"":1","SMA:1}""",2,2870000,,,,,,,,
257,n,Busker Busker,버스커 버스커,,,0,0,0,0,0,male,n,0,0,2011,2013,"{K"":""Busker_Busker""","T:""busker_brad""}""",2166,4/1/2012,NULL,,0,none,317384,484,7,"{KMA"":2",MMA:4,"MAMA:3}""",9,0,,,,,,,,,,,
258,n,Lee Sun Hee,이선희,Lee Sun-hee,,333,0,0,0,0,female,y,0,0,1984,NULL,"{K"":""Lee_Sun-hee_(singer)""}""",0,12/30/1984,11/11/1964,,0,none,62361,63,0,,0,0,,,,,,,,,,,,,,
259,n,Rain,비,Jung Ji-hoon,비룡; B-Ryong,238,0,0,0,0,male,y,0,0,2002,NULL,"{K"":""Rain_(entertainer)""","I:""rain_oppa""","T:""29rain""","F:""raincompanyrain""","V:""F8EC9""","D:""rain""}""",6702,5/13/2002,6/25/1982,,1182851,none,1244351,88,1,"{GDA"":3",MAMA:3,"SMA:3}""",9,0,,,,,,,
260,n,Kim Sung Kyu,김성규,Kim Sung-kyu,Sunggyu; Sungkyu,0,0,0,0,0,male,y,96,0,2012,NULL,"{K"":""Kim_Sung-kyu""","T:""kyuzizi""}""",2178,11/19/2012,4/28/1989,,0,none,288034,27,0,"{MMA"":1}""",1,0,,,,,,,,,,,,,
261,n,XIA,김준수,Kim Jun-Su,"Jin Jun Xiu, Xiah, Junsu",67,0,0,0,0,male,y,111,111,2010,NULL,"{K"":""Kim_Junsu""","T:""1215thexiahtic""","I:""xiaxiaxia1215""","Y:""UCdk_-wGLorR0-81Nxj0w_VA""","U:""JUNSUXIAOfficial""","V:""E7D2EB""}""",3582,5/26/2010,12/15/1986,,0,none,525471,140,1,"{SMA"":1}""",1,188000,,,,,,,,,
262,n,Younha,윤하,Go Yun-ha,,93,0,0,0,0,female,y,0,0,2006,NULL,"{K"":""Younha""","I:""younha_holic""","T:""younhaholic""","F:""officialyounha""","V:""FC261""}""",0,12/17/2006,5/29/1988,,259599,none,322951,190,1,"{KMA"":1",GDA:1,"MAMA:1}""",3,0,,,,,,,,
263,y,PSY + TAEYANG,싸이 + 동영배,,,0,158,199,0,0,male,n,0,0,2017,NULL,,0,NULL,NULL,,0,none,0,0,0,,0,0,,,,,,,,,,,,,,
264,n,RM,김남준,Kim Nam-joon,Rap Monster,41,0,0,0,0,male,y,40,0,2015,NULL,"{K"":""RM_(rapper)""}""",0,3/17/2015,9/12/1994,,0,none,0,0,0,,0,0,,,,,,,,,,,,,,
265,n,Wanna One,워너원,,,276,0,0,0,0,male,n,0,0,2017,2019,"{K"":""Wanna_One""","F:""WannaOne.official""","T:""WannaOne_twt""","I:""wannaone.official""","W:""wannaonego.mwave.me""","V:""DCD44B""}""",2248,8/7/2017,NULL,Wannable,0,none,3615408,375,2,"{GDA"":4",MMA:4,MAMA:3,"SMA:3}""",14,0,,,,,,
266,n,Sechs kies,젝스키스,,,3,0,0,0,0,male,n,0,0,1997,NULL,"{K"":""Sechs_Kies""","Y:""UCcADqTjMyMol8B8mWm9n6rA""","F:""OfficialSECHSKIES""","V:""EFA1F1""","D:""sechs-kies""}""",3530,4/15/1997,NULL,,3305721,none,3594688,60,4,"{GDA"":1","SMA:1}""",2,506000,,,,,,,,,
267,n,Momoland,모모랜드,,,237,0,0,0,0,female,n,0,0,2016,NULL,"{V"":""EF41FD""","T:""mmld_official""","K:""Momoland""","F:""MOMOLANDOfficial""","I:""momoland_official""","A:""momoland\/1174745559""","D:""momoland""}""",2268,11/9/2016,NULL,,0,none,66422,62,0,"{GDA"":1",MMA:1,"SMA:1}""",3,0,,,,,,
268,n,Sunmi,선미,Lee Sun-mi,Sun Mi,281,0,0,0,0,female,y,219,219,2007,NULL,"{K"":""Sunmi""","T:""miyaohyeah""","I:""miyayeah""","F:""officialsunmi""","Y:""UCsVpgRB8YHLWA0ZrkhtHvTA""","V:""DA6499""","A:""sunmi\/693899983""","W:""abysscompany.com\/artist-sunmi.html""","D:""sunmi-wonder-girls""}""",2272,8/20/2013,5/2/1992,Miya-Ne,0,none,43223,163,3,"{MAMA"":2}""",2,1350000,,,,,,
269,n,VIXX LR,빅스LR,,,36,0,0,0,0,male,n,215,215,2015,NULL,[],7499,8/17/2015,NULL,,0,none,111199,6,0,,0,0,,,,,,,,,,,,,,
270,n,SF9,에스에프나인,,,10,0,0,0,0,male,n,0,0,2016,NULL,"{K"":""SF9_(band)""","Y:""UC8HNshpReWjQv1WpwzhPHjA""","F:""SF9official""","T:""SF9official""","I:""SF9official""","W:""www.fncent.com\/SF9""","V:""ED7237""","D:""sf9""","S:""7LOmc7gyMVMOWF8qwEdn2X""}""",4424,10/5/2016,NULL,Fantasy,0,none,1007684,0,0,,0,942000,,,,,,
271,n,Weki Meki,위키미키,,,31,0,0,0,0,female,n,0,0,2017,NULL,"{K"":""Weki_Meki""","F:""WekiMeki""","T:""WekiMeki""","I:""weki_meki""","V:""E3B36F""","D:""weki-meki""}""",2303,8/8/2017,NULL,,0,none,180076,1,0,,0,0,,,,,,,,,
272,n,Rainz,레인즈,,,120,0,0,0,0,male,n,0,0,2017,2018,"{K"":""Rainz_(band)""","T:""rainz_official""","I:""rainz.official""","V:""D844DD""}""",15566,10/12/2017,NULL,Rainzer,0,none,50659,0,0,,0,0,,,,,,,,,,,
273,n,Solar,솔라,Kim Yong-sun,김용선,44,0,0,0,0,female,y,138,138,2015,NULL,"{K"":""Solar_(singer)""","I:""solarkeem""","U:""solarsido""","S:""5cYcI546S8Lf97m4mNdYLD""","Y:""UCNx0TXIuGVEA_TWB5H2I6Lg""}""",6067,10/22/2015,2/21/1991,,0,none,84568,8,0,,0,3370000,,,,,,,,,,
274,n,JBJ,제이비제이,,,119,0,0,0,0,male,n,0,0,2017,2018,"{K"":""JBJ_(band)""","F:""JBJofficial787""","T:""jbjofficial787""","V:""D864D9""","I:""jbjofficial787""}""",2327,10/18/2017,NULL,,0,none,322048,9,0,,0,0,,,,,,,,,,
275,n,The Rose,더 로즈,,,420,0,0,0,0,male,n,0,0,2017,NULL,"{K"":""The_Rose_(band)""","T:""TheRoseSound""","I:""therosesound""","F:""therosesound""","Y:""UCtAVRsk51HikP2jrVHCWb7Q""","V:""D69513""","U:""theroseofficial""","A:""the-rose\/1301579986""","S:""5na1LmEmK2VzNLje9snJYW""","W:""jnstar.co.kr\/%EB%8D%94%EB%A1%9C%EC%A6%88""}""",2330,8/3/2017,NULL,Black Rose,0,none,19705,0,0,,0,174000,,,,,
276,n,Jeon Soyeon,소연,Jeon So-yeon,Soyeon;전소연,6,0,0,0,0,female,y,292,292,2017,NULL,"{K"":""Jeon_So-yeon""","I:""tiny.pretty.j""}""",2334,11/5/2017,8/26/1998,,0,none,0,4,0,,0,0,,,,,,,,,,,,,
277,n,Samuel,사무엘,Kim Samuel,Samuel Arredondo Kim,437,0,0,0,0,male,y,0,0,2017,NULL,"{K"":""Samuel_(singer)""","F:""braveentsamuel""","T:""bravepunch0117""","V:""DD443D""}""",3529,8/2/2017,1/17/2002,,0,none,76101,1,0,,0,0,,,,,,,,,,,
278,y,Soyou + Sung Si-kyung,소유 + 성시경,,,0,178,369,0,0,coed,n,0,0,2017,NULL,,2343,11/16/2017,NULL,,0,none,0,0,0,,0,0,,,,,,,,,,,,,,
279,n,Fromis 9,프로미스나인,,fromis_9; 프로미스나인; 프로미스_9,9,0,0,0,0,female,n,0,0,2017,NULL,"{K"":""Fromis_9""","T:""realfromis_9""","I:""officialfromis_9""","F:""officialfromis9""","Y:""UC8qO5racajmy4YgPgNJkVXg""","V:""D5E529""","A:""fromis-9\/1319150216""","D:""fromis_9""","S:""24nUVBIlCGi4twz4nYxJum""}""",3026,1/24/2018,NULL,Flover,0,none,418260,8,0,,0,887000,,,,,,
280,n,PENTAGON,펜타곤,,,6,0,0,0,0,male,n,0,0,2016,NULL,"{W"":""www.cubeent.co.kr\/pentagon""","K:""Pentagon_(South_Korean_band)""","T:""CUBE_PTG""","I:""CUBE_PTG""","F:""pentagon.unitedcube""","Y:""UCw4NcAAtRsjL-cGlBrUnMTQ""","U:""officialpentagon""","V:""F2C18D""","A:""pentagon\/1346387122""","D:""pentagon""","S:""1wKpMkucynaTfG8lyPprYV""}""",2673,10/10/2016,NULL,UNIVERSE,0,none,649390,16,0,,0,1660000,,,,
281,n,Suzy,수지,Bae Su Ji,,287,0,0,0,0,female,y,142,0,2016,NULL,"{K"":""Bae_Suzy""","Y:""UC7ukOKu7-6G-m5d4hOXrhfQ""","I:""skuukzky""","T:""jypnation""}""",2368,1/23/2017,10/10/1994,,0,none,21289,92,0,,0,187000,,,,,,,,,,,
282,n,Laysha,레이샤,,,0,0,0,0,0,female,n,0,0,2015,NULL,"{F"":""onlylaysha""}""",2382,7/19/2016,NULL,,0,none,0,0,0,,0,0,,,,,,,,,,,,,,
283,n,The Boyz,더보이즈,,,45,0,0,0,0,male,n,0,0,2017,NULL,"{V"":""DE341F""","F:""officialTHEBOYZ""","T:""Creker_THEBOYZ""","I:""official_theboyz""","Y:""UCkJ1rbOrsyPfBuHNfnLPm-Q""","K:""The_Boyz_(South_Korean_band)""","W:""www.theboyz.kr\/""","D:""the-boyz""","S:""0CmvFWTX9zmMNCUi6fHtAx""}""",2384,12/31/2017,NULL,THE B,0,none,2486941,7,0,"{GDA"":2",MMA:3,"SMA:2}""",7,1790000,,,,
284,n,Holland,홀랜드,Go Tae-seob,,316,0,0,0,0,male,y,0,0,2018,NULL,"{K"":""Holland_(singer)""","T:""holland_vvv""","F:""hollandofficial""}""",2409,1/22/2018,3/4/1996,,0,none,0,0,0,,0,0,,,,,,,,,,,,
285,n,Hong Jinyoung,홍진영,Hong Jin-young,Hong Jin Young,170,0,0,0,0,female,y,0,0,2009,NULL,"{K"":""Hong_Jin-young""","T:""sambahong""","F:""sambahong""","V:""F9DAB""","I:""sambahong""","Y:""UCnXuSso6ypX2NVrl8_2TwfQ""","D:""hong-jin-young""}""",11003,6/19/2009,8/9/1985,,0,none,7809,55,0,"{GDA"":1",MMA:6,"SMA:1}""",8,547000,,,,,,
286,n,Honey Popcorn,허니팝콘,,,124,0,0,0,0,female,n,0,0,2018,NULL,"{K"":""Honey_Popcorn""","I:""honey_popcorn314""","Y:""UCriAcft648ENclJSwPFUTAg""}""",2460,3/21/2018,NULL,,0,none,3182,0,0,,0,18000,,,,,,,,,,,,
287,n,Hwasa,화사,Ahn Hye-jin,Hwa sa,44,0,0,0,0,female,y,138,138,2015,NULL,"{I"":""_mariahwasa""","K:""Hwasa""","Y:""UCiM8arBZ-GyuBFG3wy6fEgw""","A:""hwa-sa\/915548460""","S:""7bmYpVgQub656uNTu6qGNQ""}""",3982,2/13/2019,7/23/1995,,0,none,103429,73,1,"{GDA"":2","MAMA:1}""",3,477000,,,,,,,,,
288,n,Stray Kids,스트레이 키즈,,,14,0,0,0,0,male,n,0,0,2017,NULL,"{K"":""Stray_Kids""","V:""D7A4F1""","T:""stray_kids""","F:""JYPEStrayKids""","I:""realstraykids""","Y:""UC9rMiEjNaCSsebs31MRDCRA""","W:""straykids.jype.com""","D:""stray-kids""","S:""2dIgFjalVxs4ThymZ67YCE""}""",2481,3/26/2018,NULL,STAY,0,none,4594344,1,0,"{GDA"":3",MAMA:1,"SMA:2}""",6,8900000,,,,
289,n,WheeIn,휘인,Jung Whee-in,정휘인,431,0,0,0,0,female,y,138,138,2017,NULL,"{I"":""whee_inthemood""","S:""0BqRGrwqndrtNkojXiqIzL""","K:""Wheein""","Y:""UCXOMKEPp0CALdBSPkReI5BQ""","V:""835F7B""","A:""whee-in\/879965664""}""",2488,4/17/2018,4/17/1995,,0,none,176119,65,0,,0,178000,,,,,,,,,
290,n,MeloMance,멜로망스,,,281,0,0,0,0,male,n,0,0,2015,NULL,"{K"":""MeloMance""","I:""melomance_official""}""",0,NULL,NULL,,0,none,1360,306,0,"{MMA"":3}""",3,0,,,,,,,,,,,,,
291,n,Bolbbalgan4,볼빨간사춘기,,Bol4,98,0,0,0,0,female,n,0,0,2016,NULL,"{T"":""bolbbalgan4""","V:""F38175""","K:""Bolbbalgan4""","F:""bolbbalgan4""","I:""official_bol4""","A:""bol4\/1188975595""","D:""bolbbalgan4""}""",2522,4/22/2016,NULL,,0,none,67519,736,6,"{KMA"":1",GDA:3,MMA:5,MAMA:2,"SMA:1}""",12,0,,,,
292,n,(G)I-dle,(여자)아이들,,,6,0,0,0,0,female,n,0,0,2018,NULL,"{T"":""G_I_DLE""","F:""G.I.DLE.CUBE""","V:""CE2621""","K:""(G)I-DLE""","I:""official_g_i_dle""","Y:""UCritGVo7pLJLUS8wEu32vow""","A:""g-i-dle\/1378887586""","D:""gi-dle""}""",2526,5/2/2018,NULL,Neverland,0,none,556362,111,0,"{GDA"":3","SMA:1}""",4,3520000,,,,,,
293,n,VAV,브이에이브이,,,162,0,0,0,0,male,n,0,0,2015,NULL,"{K"":""VAV_(band)""","T:""VAV_official""","I:""vav_official""","V:""E6A311""","Y:""UCAogbKfNxlAKxzBXFHB8i5g""","D:""vav""}""",3580,10/31/2015,NULL,,0,none,31891,0,0,,0,758000,,,,,,,,,
294,y,Moon Byul + Seulgi,문별 + 슬기,,,0,296,773,0,0,female,n,0,0,2018,NULL,,0,NULL,NULL,,0,none,0,0,0,,0,0,,,,,,,,,,,,,,
295,n,UNI.T,유니티,,,4,0,0,0,0,female,n,0,0,2018,2018,"{K"":""Uni.T""","T:""official_uni_t""","F:""officialpage.uni.t""","I:""official_uni_t""","V:""CF0605""}""",2549,5/18/2018,NULL,,0,none,25741,0,0,,0,0,,,,,,,,,,
296,n,Moonbyul,문별,Moon Byul-yi,문별이;Moon byul,44,0,0,0,0,female,y,138,138,2018,NULL,"{K"":""Moonbyul""","I:""mo_onbyul""","Y:""UCFrAB5I66LgzOi15TF4PO6A""","S:""1eTft3tXynrKdo6XD7QHLL""}""",0,5/24/2018,12/22/1992,,0,none,189696,3,0,,0,168000,,,,,,,,,,,
297,n,Pristin V,프리스틴 V,,,9,0,0,0,0,female,n,156,156,2018,2019,,2556,5/28/2018,NULL,,0,none,18301,0,0,,0,0,,,,,,,,,,,,,,
299,y,Soyou + Henry,소유 + 헨리,,,0,178,84,0,0,coed,n,0,0,2016,NULL,,2570,10/13/2016,NULL,,0,none,0,0,0,,0,0,,,,,,,,,,,,,,
300,y,Soyou + Giriboy + Kihyun,소유 + 기리보이 + 기현,,,0,178,493,812,0,coed,n,0,0,2015,NULL,,2571,1/14/2015,NULL,,0,none,0,0,0,,0,0,,,,,,,,,,,,,,
301,y,Hyolyn + Kisum,효린 + 키썸,,,0,88,120,0,0,female,n,0,0,2017,NULL,,2573,6/29/2017,NULL,,0,none,0,0,0,,0,0,,,,,,,,,,,,,,
302,n,NU'EST W,뉴이스트 W,,,0,0,0,0,0,male,n,151,151,2017,2022,"{K"":""NU\\'EST""}""",2925,10/10/2017,NULL,,0,none,771263,63,1,"{GDA"":2","SMA:2}""",4,0,,,,,,,,,,,,,
303,n,Yubin,유빈,Kim Yu Bin,김유빈,265,0,0,0,0,female,y,219,0,2018,NULL,"{W"":""www.rrrentertainment.co.kr\/post\/yubin-2""","T:""Yubinofficial""","K:""Kim_Yu-bin_(musician)""}""",2614,6/5/2018,10/4/1988,,0,none,0,2,0,,0,0,,,,,,,,,,,,
304,n,Minseo,민서,Kim Min-seo,,8,0,0,0,0,female,y,0,0,2018,NULL,"{F"":""OfficialMinseo""}""",2616,3/6/2018,4/9/1996,,0,none,0,0,0,,0,0,,,,,,,,,,,,,,
305,n,Gugudan Oguogu,구구단 오구오구,,,36,0,0,0,0,female,n,81,81,2017,2018,,2623,8/11/2017,NULL,,0,none,0,0,0,,0,0,,,,,,,,,,,,,,
306,n,Yuju,유주,Choi Yu Na,,275,0,0,0,0,female,y,76,76,2015,NULL,"{K"":""Yuju_(singer)""","I:""yuuzth""","S:""7Bu0r4MCDX3sbhcFD5IXyx""}""",2645,6/29/2018,10/4/1997,,0,none,27666,0,0,,0,0,,,,,,,,,,,,
307,n,Gyeongree,경리,Park Gyeong-ree,Gyeong Ree; Kyungree; Kyungri; Kyung ree,294,0,0,0,0,female,y,9,0,2017,NULL,"{T"":""ICE_Gang""","I:""gyeongree""","A:""gyeong-ree\/1234148718""}""",2683,7/5/2018,7/5/1990,,0,none,0,0,0,,0,0,,,,,,,,,,,,
309,n,Gugudan Semina,구구단 세미나,,,36,0,0,0,0,female,n,81,81,2018,NULL,,2702,7/10/2018,NULL,,0,none,12312,0,0,,0,0,,,,,,,,,,,,,,
310,y,Bolbbalgan4 + 20 years of age,볼빨간사춘기 + 스무살,,,0,291,311,0,0,coed,n,0,0,2017,NULL,,2703,6/14/2017,NULL,,0,none,0,0,0,,0,0,,,,,,,,,,,,,,
311,n,20 years of age,스무살,Hwang Dae-hyun,,98,0,0,0,0,male,y,0,0,2017,NULL,"{A"":""twenty-years-of-age\/805412174""}""",0,1/2/2013,2/16/1987,,0,none,0,2,0,,0,0,,,,,,,,,,,,,,
312,n,Chung ha,청하,Kim Chung-ha,Chungha,187,0,0,0,0,female,y,94,0,2017,NULL,"{T"":""CHUNGHA_MNHent""","K:""Kim_Chung-ha""","I:""chungha_official""","V:""E3437D""","A:""chung-ha\/1148527055""","D:""Chungha""}""",2722,6/6/2017,2/9/1996,,0,none,116522,193,0,"{KMA"":1",GDA:2,MMA:2,MAMA:3,"SMA:2}""",10,0,,,,,
313,n,KNK,크나큰,,Keunakeun,20,0,0,0,0,male,n,0,0,2016,NULL,"{K"":""KNK_(band)""","I:""knk_official_knk""","Y:""UCY-ES-QqCFC-xhRTyTsB-xw""","T:""KNKOfficial220""","F:""knkofficial.ynb""","S:""5zx2slDKDXNn1e6779RzPd""}""",2754,2/29/2016,NULL,Tinkerbell,0,none,94180,0,0,,0,222000,,,,,,,,,
314,n,Madtown,매드타운,,,176,0,0,0,0,male,n,0,0,2014,2017,"{T"":""madtown_gni""","I:""madtown_gni""","F:""madtown1006""","K:""Madtown""","V:""F6B10F""}""",2757,10/6/2014,NULL,,0,none,11489,0,0,,0,0,,,,,,,,,,
315,n,Victon,빅톤,,,194,0,0,0,0,male,n,0,0,2016,NULL,"{K"":""Victon""","T:""VICTON1109""","I:""victon1109""","F:""VICTON1109""","Y:""UCQ7a83KJBE7w_txsT7VaJ8g""","V:""ECB24F""","D:""victon""","W:""www.planaent.co.kr\/victon""","S:""0ziR2zN0NFcB4x1G3P8cW3""}""",2762,11/9/2016,NULL,ALICE,0,none,525278,1,0,,0,786000,,,,,,
316,n,LOONA,이달의소녀,,LOOΠΔ;이달의 소녀;이달의 소녀 1/3;이달의 소녀 오드아이써클;이달의 소녀 yyxy,85,0,0,0,0,female,n,0,0,2016,NULL,"{K"":""Loona_(band)""","F:""loonatheworld""","T:""loonatheworld""","I:""loonatheworld""","Y:""UCOJplhB0wGQWv9OuRmMT-4g""","V:""E1F3A7""","A:""loona\/1182243801""}""",2899,8/20/2018,NULL,,0,none,628598,0,0,"{GDA"":1}""",1,1860000,,,,,,,,
317,n,Stella Jang,스텔라장,Jang Seong-eun,장성은;스텔라장성은,279,0,0,0,0,female,y,0,0,2014,NULL,"{I"":""interstellajang""","A:""stella-jang\/920659922""","Y:""UCx4T73vmS0JGRkAFeEBOOmQ""}""",0,9/19/2014,11/18/1991,,0,none,1462,0,0,,0,497000,,,,,,,,,,,,
318,n,Drug Restaurant,드럭 레스토랑,,,93,0,0,0,0,male,n,0,0,2015,2019,"{F"":""drugrestaurant""","T:""official_JYrock""","U:""officialjyrock""","K:""Drug_Restaurant""}""",2807,5/26/2015,NULL,,0,none,9080,0,0,,0,0,,,,,,,,,,,
319,n,Golden Child,골든차일드,,,34,0,0,0,0,male,n,0,0,2017,NULL,"{K"":""Golden_Child_(band)""","T:""Hi_Goldenness""","F:""gncd11""","I:""official_gncd11""","V:""E093D3""","D:""golden-child""}""",2812,8/28/2017,NULL,,0,none,666079,1,0,,0,0,,,,,,,,,
320,n,MXM,엠엑스엠,,,122,0,0,0,0,male,n,487,487,2017,NULL,"{K"":""MXM_(musical_duo)""","F:""bnmboysofficial""","T:""bnmboysofficial""","I:""bnmboysofficial""","V:""DC6459""}""",2819,9/6/2017,NULL,,0,none,142821,2,0,,0,0,,,,,,,,,,
321,n,Fly to the Sky,플라이투더스카이,,,62,0,0,0,0,male,n,0,0,1999,NULL,"{F"":""FLYTOTHESKYofficial""","I:""ftts_official""","U:""H2media2011""","V:""FC35F""","K:""Fly_to_the_Sky""}""",0,11/21/1999,NULL,Fly High,629562,none,669133,69,1,"{GDA"":2",MMA:1,"SMA:1}""",4,0,,,,,,,,
322,n,B.I.G,비아이지,,Boys In Groove;BIG,86,0,0,0,0,male,n,0,0,2014,NULL,"{K"":""B.I.G_(band)""","T:""big_ghofficial""","I:""big_official_insta""","F:""big.GHofficial""","V:""F58135""","D:""big""","S:""6gHyYB83BQlGKpqbn57D8R""","U:""BIGOfficial_GH""}""",13108,7/9/2014,NULL,Biginning,0,none,795,0,0,,0,0,,,,,,,
323,n,IN2IT,인투잇,,,169,0,0,0,0,male,n,0,0,2017,NULL,"{K"":""IN2IT""","F:""official.IN2IT""","T:""Official_IN2IT""","I:""official_in2it""","Y:""UC4_FlqZHf6zWPyaQpmPXChQ""","V:""EFF1E7""}""",15545,10/26/2017,NULL,,0,none,53108,0,0,,0,114000,,,,,,,,,
324,y,Taeyeon + MeloMance,태연 + 멜로망스,,태연(TAEYEON)+멜로망스(Melomance),0,200,290,0,0,coed,n,0,0,2018,NULL,,2860,8/10/2018,NULL,,0,none,0,0,0,,0,0,,,,,,,,,,,,,,
325,n,Imfact,임팩트,,,15,0,0,0,0,male,n,0,0,2016,NULL,"{K"":""Imfact""","W:""imfact.net""","T:""imfactofficial""","I:""official_imfact""","F:""officialimfact""","V:""F28195""}""",2862,1/27/2016,NULL,,0,none,10304,0,0,,0,0,,,,,,,,,
326,n,Double S 301,더블에스301,,ss301,0,0,0,0,0,male,n,185,185,2016,NULL,"{F"":""DoubleS301.official""","V:""F6411D""","K:""Double_S_301""}""",2870,2/15/2016,NULL,,0,none,34251,0,0,,0,0,,,,,,,,,,,,
327,n,Oh My Girl Banhana,오마이걸 반하나,,,0,0,0,0,0,female,n,152,152,2018,NULL,,2881,4/2/2018,NULL,,0,none,16058,0,0,,0,0,,,,,,,,,,,,,,
328,n,UNB,유앤비,,,128,0,0,0,0,male,n,0,0,2018,NULL,"{K"":""UNB_(group)""","F:""officialpage.un.b""","T:""official_UN_B""","I:""official_un_b""","V:""CF1603""}""",2884,4/7/2018,NULL,,0,none,105485,0,0,,0,0,,,,,,,,,,
329,n,Girls' Generation Oh!GG,소녀시대-OH!GG,,,1,0,0,0,0,female,n,78,78,2018,NULL,"{A"":""girls-generation-oh-gg\/1435055378""}""",2926,9/5/2018,NULL,,0,none,43191,8,0,,0,0,,,,,,,,,,,,,,
330,n,GWSN,공원소녀,,Gongwon Sonyeo;Girls in the Park,126,0,0,0,0,female,n,0,0,2018,NULL,"{T"":""kiwipop_gwsn""","I:""kiwipop_gwsn""","Y:""UCUT58qBbE4Y3Y4FClOJOfrg""","F:""kiwipop.gwsn""","V:""C39773""","K:""GWSN""}""",4590,9/5/2018,NULL,Groo,0,none,38882,0,0,,0,237000,,,,,,,,,
331,n,MFBTY,MFBTY,,,253,0,0,0,0,coed,n,0,0,2013,NULL,"{F"":""BizzyTigerYoonmirae""","T:""officialmfbty""","V:""FB57B""","K:""MFBTY""}""",2982,12/23/2015,NULL,,0,none,0,0,0,,0,0,,,,,,,,,,,
332,n,A.C.E,에이스,,ACE,109,0,0,0,0,male,n,0,0,2017,NULL,"{K"":""A.C.E_(South_Korean_band)""","T:""official_ACE7""","I:""official_a.c.e7""","F:""officialA.C.E7""","Y:""UCHs6VoM3HaRxaRlnvdtzDZQ""","V:""D205A5""","W:""artistinfo.stayge.net\/a\/ace""","A:""a-c-e\/1236272788""","C:""officialacebeatint""","S:""25KT93FeotUTHC1dbLasxi""}""",2983,5/23/2017,NULL,Choice,0,none,260758,0,0,,0,1230000,,,,,
333,n,Yuri,유리,Kwon Yu-ri,,1,0,0,0,0,female,y,78,329,2018,NULL,"{I"":""yulyulk""","Y:""UCeUXR_8AOMCji1OEaVne9aQ""","W:""yuri.smtown.com\/""","A:""artist\/yuri\/823992463""}""",2997,10/4/2018,12/5/1989,,0,none,17290,1,0,,0,296000,,,,,,,,,,,
335,y,Seulgi + SinB + Chung ha + Soyeon,슬기 + 신비 + 청하 + 소연,,,0,773,774,312,276,female,n,0,0,2018,NULL,,0,NULL,NULL,,0,none,0,4,0,,0,0,,,,,,,,,,,,,,
336,y,Lyn + Leo,린 + 레오,,,0,136,419,0,0,coed,n,0,0,2014,NULL,[],10725,8/4/2014,NULL,,0,none,0,0,0,,0,0,,,,,,,,,,,,,,
337,n,IZ*ONE,아이즈원,,,121,0,0,0,0,female,n,0,0,2018,2021,"{K"":""Iz_One""","Y:""UCe_oTYByLWQYCUmgmOMU_xw""","V:""C1B7AF""","T:""official_izone""","A:""iz-one\/1440449616""}""",3063,10/29/2018,NULL,,0,none,2090958,118,0,"{GDA"":1",MMA:1,MAMA:1,"SMA:2}""",5,2210000,,,,,,,
338,n,Marmello,마르멜로,,,115,0,0,0,0,female,n,0,0,2017,NULL,"{T"":""MARMELLO_band""}""",3066,5/24/2017,NULL,,0,none,0,0,0,,0,0,,,,,,,,,,,,,,
339,n,Purfles,퍼펄즈,,,0,0,0,0,0,female,n,0,0,2014,NULL,"{T"":""cresc_purfles""","I:""purfles_official""","F:""Purfles""","U:""officialPurfles""}""",3072,10/21/2014,NULL,,0,none,0,0,0,,0,0,,,,,,,,,,,
340,n,Playback,플레이백,,,53,0,0,0,0,female,n,0,0,2015,NULL,"{F"":""followplayback""","T:""FOLLOWPLAYBACK""","I:""followplayback""","V:""E66319""","K:""Playback_(South_Korean_band)""}""",3073,6/25/2015,NULL,,0,none,375,0,0,,0,0,,,,,,,,,,
341,n,N.Flying,엔플라잉,,,10,0,0,0,0,male,n,0,0,2015,NULL,"{T"":""NFlyingofficial""","I:""letsroll_nf""","F:""Officialnflying""","V:""FC065""","U:""nflyingofficial""","K:""N.Flying""}""",3514,5/20/2015,NULL,N.Fia,0,none,267638,36,2,"{MMA"":1}""",1,0,,,,,,,,,
342,n,Brown Eyed Soul,브라운 아이드 소울,,,0,0,0,0,0,male,n,0,0,2003,NULL,"{K"":""Brown_Eyed_Soul_(band)""}""",0,9/17/2003,NULL,,464598,none,535775,172,1,,0,0,,,,,,,,,,,,,,
343,n,SeeYa,씨야,,,4,0,0,0,0,female,n,0,0,2006,2011,"{K"":""SeeYa""}""",3535,2/24/2006,NULL,,231174,none,236366,44,0,"{GDA"":2",MAMA:1,"SMA:2}""",5,0,,,,,,,,,,,,
344,n,Shin Seung-hun,신승훈,Shin Seung-hun,,319,0,0,0,0,male,y,0,0,1990,NULL,"{K"":""Shin_Seung-hun""","W:""www.shinseunghun.com""}""",0,11/1/1990,3/21/1966,,10223731,none,10262813,33,0,"{GDA"":3","SMA:3}""",6,0,,,,,,,,,,,,
345,n,Kim Bo Kyung,김보경,Kim Bo-kyung,,0,0,0,0,0,female,y,700,0,2010,NULL,"{I"":""sssbkkk""","U:""KimBoKyungVEVO""","T:""SSSBKKK""}""",3425,6/27/2011,5/16/1990,,0,none,6100,86,0,,0,0,,,,,,,,,,,,
346,n,Baek Ji-young,백지영,Baek Ji-young,Baek Z Young,196,0,0,0,0,female,y,0,0,1999,NULL,"{I"":""baekzyoung""","K:""Baek_Ji-young""}""",12448,7/10/1999,3/25/1976,,691690,none,732009,329,1,"{GDA"":1",MMA:1,MAMA:3,"SMA:4}""",9,0,,,,,,,,,,
347,n,Park Hyo-shin,박효신,Park Hyo-shin,Park Hyo Shin,351,0,0,0,0,male,y,0,0,1999,NULL,"{K"":""Park_Hyo-shin""","I:""parkhyoshin.official""}""",3522,11/30/1999,12/1/1981,,1657578,none,1736848,294,5,"{GDA"":1",MMA:1,"SMA:2}""",4,0,,,,,,,,,,,
348,n,Navi,나비,Ahn Ji-ho,,0,0,0,0,0,female,y,0,0,2008,NULL,"{T"":""Navi_JIHO""","I:""navi_jiho""}""",3515,4/4/2008,3/22/1986,,0,none,3775,90,0,,0,0,,,,,,,,,,,,,
349,n,SG Wannabe,SG 워너비,,SG워너비,163,0,0,0,0,male,n,0,0,2004,NULL,"{K"":""SG_Wannabe""","F:""OfficialSGWANNABE""}""",3139,1/20/2004,NULL,,1893867,none,1934202,203,0,"{GDA"":8",MMA:1,MAMA:3,"SMA:4}""",16,0,,,,,,,,,,
350,n,Kan Mi Youn,간미연,Kan Mi-yeon,,0,0,0,0,0,female,y,932,0,2006,NULL,"{K"":""Kan_Mi-youn""}""",0,9/15/2006,2/2/1982,,0,none,3148,29,0,,0,0,,,,,,,,,,,,,,
351,n,Kim Hyung Jun,김형준,Kim Hyung-jun,,76,0,0,0,0,male,y,185,0,2009,NULL,"{k"":""Kim_Hyung-jun""}""",3435,3/8/2011,8/3/1987,,0,none,20318,5,0,,0,0,,,,,,,,,,,,,,
352,n,Wheesung,휘성,Choi Hwi-sung,Realslow,347,0,0,0,0,male,y,0,0,2002,NULL,"{K"":""Wheesung""","U:""OfficialWheeSung""}""",0,4/4/2002,2/5/1982,,610525,none,633289,134,0,"{GDA"":5",MAMA:1,"SMA:2}""",8,0,,,,,,,,,,,
353,n,Yangpa,양파,Lee Eun-jin,,44,0,0,0,0,female,y,0,0,1996,NULL,"{K"":""Yangpa""}""",0,11/1/1996,3/17/1979,,2043431,none,2050009,37,0,"{GDA"":1}""",1,0,,,,,,,,,,,,,,
354,n,Yoonhan,윤한,Jeon Yoon-han,田潤翰,267,0,0,0,0,male,y,0,0,2011,NULL,"{K"":""Yoonhan""","T:""yoonhan1""","I:""yoonhan1""}""",0,NULL,10/14/1983,,0,none,3670,0,0,,0,0,,,,,,,,,,,,
355,n,Lena Park,박정현,Park Jung-hyun,,30,0,0,0,0,female,y,0,0,1998,NULL,"{K"":""Lena_Park""}""",0,2/1/1998,3/23/1976,,1300681,none,1309138,101,1,"{MMA"":1","SMA:1}""",2,0,,,,,,,,,,,,,
356,n,Monday Kiz,먼데이 키즈,,먼데이키즈;이진성;Lee Jin-sung,0,0,0,0,0,male,n,0,0,2005,NULL,"{K"":""Monday_Kiz_(band)""}""",0,NULL,NULL,,0,none,9102,309,0,,0,0,,,,,,,,,,,,,,
357,n,Heo Young-saeng,허영생,Heo Young Saeng,,0,0,0,0,0,male,y,185,0,2011,NULL,"{K"":""Heo_Young-saeng""","I:""youngsaeng17""","T:""mystyle1103""}""",3184,5/12/2011,11/3/1986,,0,none,75080,14,0,,0,0,,,,,,,,,,,,
358,n,Lim Jeong-hee,임정희,Lim Jeong-hee,J Lim,14,0,0,0,0,female,y,0,0,2005,NULL,"{K"":""Lim_Jeong-hee""}""",0,6/10/2005,5/17/1981,,63162,none,64503,71,0,"{GDA"":1","MAMA:1}""",2,0,,,,,,,,,,,,,
359,n,Supreme Team,슈프림팀,,,0,0,0,0,0,male,n,0,0,2009,2013,"{K"":""Supreme_Team_(band)""}""",3193,7/14/2009,NULL,,17432,none,21493,75,0,"{GDA"":1",MMA:1,MAMA:1,"SMA:1}""",4,0,,,,,,,,,,,
360,n,Gavy NJ,가비엔제이,,가비앤제이 (Gavy NJ),151,0,0,0,0,female,n,0,0,2005,NULL,"{K"":""Gavy_NJ""}""",0,11/11/2005,NULL,,0,none,3175,94,0,"{GDA"":1}""",1,0,,,,,,,,,,,,,,
361,n,Key,키,Kim Ki-bum,김기범,1,0,0,0,0,male,y,172,172,2010,NULL,"{K"":""Key_(entertainer)""}""",3153,11/6/2018,9/23/1991,,0,none,240798,2,0,,0,0,,,,,,,,,,,,,,
362,n,Wendy,손승완,Shon Seung-wan,,1,0,0,0,0,female,y,165,165,2018,NULL,"{K"":""Wendy_(singer)""","I:""wendyrvsm""}""",11428,4/5/2021,2/21/1994,,0,none,181640,2,0,"{SMA"":1}""",1,0,,,,,,,,,,,,,
363,n,Kim Hyun Joong,김현중,Kim Hyun-joong,,2,0,0,0,0,male,y,185,185,2008,NULL,"{K"":""Kim_Hyun-joong""","I:""hyunjoong860606""","F:""kimhyunjoong""","U:""kimhyunjoong606""}""",3431,6/7/2011,6/6/1986,,0,none,374404,26,0,"{MAMA"":1}""",1,0,,,,,,,,,,,
364,n,4Men,포맨,,,0,0,0,0,0,male,n,0,0,1998,2019,"{K"":""4Men""}""",0,2/1/1998,NULL,,0,none,18891,336,1,"{MMA"":1","SMA:1}""",2,0,,,,,,,,,,,,,
365,n,Kim Bumsoo,김범수,Kim Bum-soo,,328,0,0,0,0,male,y,0,0,1999,NULL,"{K"":""Kim_Bum-soo""}""",0,3/2/1999,1/26/1979,,237379,none,257745,218,2,"{MMA"":1}""",1,0,,,,,,,,,,,,,,
366,n,Jennie,제니,Kim Jennie,,3,0,0,0,0,female,y,31,31,2018,NULL,"{K"":""Jennie_Kim""","I:""jennierubyjane""","D:""jennie-blackpink""}""",3215,11/12/2018,1/16/1996,,0,none,129804,33,2,"{GDA"":1}""",1,0,,,,,,,,,,,,
367,n,Eru,이루,Jo Seong-hyeon,조성현,0,0,0,0,0,male,y,0,0,2005,NULL,"{K"":""Eru_(singer)""}""",0,9/5/2005,7/5/1983,,104138,none,123875,26,0,"{GDA"":1","SMA:1}""",2,0,,,,,,,,,,,,,
368,n,Hyo + 3Lau,효연 + 3Lau,,,0,0,0,0,0,coed,n,0,0,2018,NULL,,0,NULL,NULL,,0,none,0,0,0,,0,0,,,,,,,,,,,,,,
369,n,Sung Si-kyung,성시경,Sung Si-kyung,,0,0,0,0,0,male,y,0,0,2001,NULL,"{K"":""Sung_Si-kyung""}""",10952,4/19/2001,4/17/1979,,1214074,none,1300069,159,0,"{GDA"":2",MAMA:2,"SMA:2}""",6,0,,,,,,,,,,,,
370,n,Huh Gak,허각,Huh Gak,,437,0,0,0,0,male,y,0,0,2010,NULL,"{K"":""Huh_Gak""","I:""huhgak1020""","U:""OfficialHuhGak""","F:""huhgak""","V:""F93BF""}""",3384,11/4/2010,11/15/1984,,0,none,19039,382,6,"{GDA"":2",MMA:2,MAMA:1,"SMA:1}""",6,0,,,,,,,
371,n,Se7en,세븐,Choi Dong-wook,Seven,355,0,0,0,0,male,y,0,0,2003,NULL,"{K"":""Seven_(Korean_singer)""}""",0,3/8/2003,11/9/1984,,587111,none,607670,48,1,"{GDA"":2",MAMA:2,"SMA:1}""",5,0,,,,,,,,,,,,
372,n,Park Ji-yoon,박지윤,Park Ji Yoon,,352,0,0,0,0,female,y,0,0,1997,NULL,"{K"":""Park_Ji-yoon""","I:""parkjiyoon_creative""","F:""parkjiyooncreative""}""",0,2/18/1997,1/3/1982,,1418585,none,1424499,24,0,"{SMA"":1}""",1,0,,,,,,,,,,,,
373,n,EXO-K,엑소K,,,1,0,0,0,0,male,n,61,61,2011,NULL,,524,4/7/2012,NULL,,0,none,750139,35,0,,0,0,,,,,,,,,,,,,,
374,n,G.O.D,지오디,,god,0,0,0,0,0,male,n,0,0,1999,NULL,"{K"":""G.o.d""}""",3368,1/13/1999,NULL,,5086909,none,5168193,0,0,"{GDA"":2",MMA:2,"SMA:1}""",5,0,,,,,,,,,,,,
375,n,S.E.S.,에스이에스,,ses,0,0,0,0,0,female,n,0,0,1997,NULL,"{K"":""S.E.S._(band)""","W:""ses.smtown.com""}""",3528,11/1/1997,NULL,,3556686,none,3563059,8,0,"{MAMA"":2}""",2,0,,,,,,,,,,,,,
376,n,Infinite F,인피니트 F,,인피니트 F (Infinite F),0,0,0,0,0,male,n,96,96,2015,NULL,,1513,11/30/2014,NULL,,0,none,52914,0,0,,0,0,,,,,,,,,,,,,,
377,n,Jung In,정인,Choi Jung-in,Jung-in; 최정인,8,0,0,0,0,female,y,0,0,2010,NULL,"{K"":""Choi_Jung-in""","W:""www.jung-in.kr""","U:""JungIn""}""",3261,3/11/2010,12/7/1980,,0,none,4175,42,0,,0,0,,,,,,,,,,,,
378,n,Naul,나얼,Yoo Na-Ul,,344,0,0,0,0,male,y,342,342,2005,NULL,"{K"":""Naul_(singer)""","I:""rrace""}""",0,1/8/2005,9/23/1978,,0,none,63152,156,7,"{KMA"":2","MMA:1}""",3,0,,,,,,,,,,,,
379,n,Mino,송민호,Song Min Ho,,3,0,0,0,0,male,y,217,217,2018,NULL,"{K"":""Mino_(rapper)""","I:""realllllmino""}""",3336,11/26/2018,3/30/1993,,0,none,193985,81,2,"{GDA"":1}""",1,0,,,,,,,,,,,,,
380,n,Nature,네이처,,,245,0,0,0,0,female,n,0,0,2018,NULL,"{K"":""Nature_(band)""","W:""nature.nchworld.com""","T:""nature_nchworld""","I:""nature.nchworld""","F:""nature.nchworld""","V:""C157BB""}""",4588,8/3/2018,NULL,,0,none,30924,0,0,,0,0,,,,,,,,,
381,n,Eddy Kim,에디킴,Kim Jung-hwan,김정환,8,0,0,0,0,male,y,0,0,2014,NULL,"{T"":""soulquaker""","I:""soulquaker_""","Y:""UCQB9WopIbwmBs48FM6BrfIQ""","K:""Eddy_Kim""}""",3388,4/11/2014,11/23/1990,,0,none,3418,112,0,"{SMA"":1}""",1,19300,,,,,,,,,,,
383,n,JQT,제이큐티,,,0,0,0,0,0,female,n,0,0,2009,2012,"{K"":""JQT_(band)""}""",3405,10/12/2009,NULL,,0,none,1924,5,0,,0,0,,,,,,,,,,,,,,
384,n,Dynamic Duo,다이나믹듀오,,,244,0,0,0,0,male,n,0,0,2004,NULL,"{K"":""Dynamic_Duo_(South_Korean_duo)""","F:""dynamicduo.official.page""","I:""gaekogeem""}""",0,5/17/2004,NULL,,0,none,29578,189,1,"{KMA"":2",GDA:1,MMA:2,MAMA:1,"SMA:1}""",7,0,,,,,,,,
385,n,IZ,아이즈,,,170,0,0,0,0,male,n,0,0,2017,NULL,"{K"":""IZ_(band)""","D:""IZ""}""",3411,8/31/2017,NULL,,0,none,18334,0,0,,0,0,,,,,,,,,,,,,
386,y,Seo Inguk + Eunji,서인국 + 정은지,,서인국 X 정은지,0,390,255,0,0,coed,n,0,0,2012,NULL,,5282,8/28/2012,NULL,,0,none,0,0,0,,0,0,,,,,,,,,,,,,,
387,n,NS Yoon-G,NS윤지,Kim Yoon-ji,Christine Kim,345,0,0,0,0,female,y,0,0,2009,NULL,"{K"":""Kim_Yoon-ji""","U:""NSYoonGVEVO""}""",3516,9/23/2009,9/6/1988,,0,none,13875,45,0,,0,0,,,,,,,,,,,,,
388,n,Jay Park,박재범,Park Jae-beom,,255,0,0,0,0,male,y,5,5,2010,NULL,"{K"":""Jay_Park""","I:""jparkitrighthere""","T:""jaybumaom""","F:""jaypaom""","Y:""UCK5fO9Q2gitao0M5yQvPnvw""","U:""jaybumaom0425""}""",3474,7/13/2010,4/25/1987,,41316,none,279951,175,0,"{KMA"":2","GDA:1}""",3,2990000,,,,,,,,
389,n,John Park,존박,John Andrew Park,존 박; 박성규,256,0,0,0,0,male,y,0,0,2012,NULL,"{K"":""John_Park_(musician)""","I:""johnparkgram""","Y:""UCq_eSar3OM2JygE8F9oeCSw""","A:""john-park\/572430160""}""",3476,2/21/2012,9/13/1988,,0,none,26950,84,0,,0,78000,,,,,,,,,,,
390,n,Seo Inguk,서인국,Seo In Guk,Seo In-guk,356,0,0,0,0,male,y,0,0,2009,NULL,"{K"":""Seo_In-guk""","T:""sigstyle_jp""","I:""seo_cccc""","U:""SEOINGUK""","V:""F91C3""}""",3536,10/27/2009,10/23/1987,,0,none,9154,92,0,,0,0,,,,,,,,,,
391,n,Ulala Session,울랄라세션,,,0,0,0,0,0,male,n,0,0,2011,NULL,"{K"":""Ulala_Session""}""",3492,5/9/2012,NULL,,0,none,25413,147,2,,0,0,,,,,,,,,,,,,,
392,n,Onew,온유,Lee Jin-ki,,1,0,0,0,0,male,y,172,172,2018,NULL,"{K"":""Onew""}""",0,12/5/2018,12/14/1989,,0,none,76375,5,0,,0,0,,,,,,,,,,,,,,
393,n,Joy,조이,Park Soo-young,박수영,1,0,0,0,0,female,y,165,165,2016,NULL,"{K"":""Joy_(singer)""","I:""joy.redvelvet""","A:""joy\/1368713719""","S:""0sYpJ0nCC8AlDrZFeAA7ub""}""",13606,5/31/2021,9/3/1996,,0,none,130805,68,0,,0,0,,,,,,,,,,,
394,n,J-Hope,제이홉,Jung Ho-seok,정호석,41,0,0,0,0,male,y,40,40,2018,NULL,"{K"":""J-Hope""","A:""j-hope\/1354883995""}""",3550,3/2/2018,2/18/1994,,0,none,0,0,0,,0,0,,,,,,,,,,,,,
395,n,Hotshot,핫샷,,,158,0,0,0,0,male,n,0,0,2014,2021,"{F"":""2014Hotshot""","T:""2014_hotshot""","K:""Hotshot_(band)""}""",3555,10/29/2014,NULL,,0,none,23448,0,0,,0,0,,,,,,,,,,,,
396,n,D-Crunch,디크런치,,Diamond Crunch,160,0,0,0,0,male,n,0,0,2018,NULL,"{K"":""D-Crunch""","T:""DIA_CRUNCH""","I:""d_crunch_official""","Y:""UCCyCvwz4NSX1wfUYoYnLU_Q""","V:""C2479D""","W:""cafe.daum.net\/D-CRUNCH""","F:""D.CRUNCH.Official""","U:""DCRUNCHOFFICIAL""","A:""d-crunch\/1423014634""","S:""1CNEzaJTiE6s43DHohcujW""}""",3558,8/6/2018,NULL,DIANA,0,none,4463,0,0,,0,69400,,,,,
397,n,TraxX,트랙스,,The TRAX;TRAX,1,0,0,0,0,male,n,0,0,2004,NULL,"{K"":""TraxX""}""",3597,7/20/2004,NULL,,5230,none,8082,16,0,,0,0,,,,,,,,,,,,,,
398,y,Kyungri + Choi Nakta,경리 + 최낙타,,GYEONG REE + Choi Nakta,0,307,789,0,0,coed,n,0,0,2018,NULL,,0,3/27/2018,NULL,,0,none,0,0,0,,0,0,,,,,,,,,,,,,,
399,y,Kyungri + Jeong Jinwoon,경리 + 정진운,,GYEONG REE + JEONG JINWOON,0,307,790,0,0,coed,n,0,0,2017,NULL,,0,NULL,NULL,,0,none,0,0,0,,0,0,,,,,,,,,,,,,,
400,y,Chung ha + Yesung,청하 + 예성,,,0,312,220,0,0,coed,n,0,0,2018,NULL,,0,NULL,NULL,,0,none,0,0,0,,0,0,,,,,,,,,,,,,,
401,n,Sohee,소희,Kim So-hee,,91,0,0,0,0,female,y,252,0,2016,NULL,"{K"":""Kim_So-hee_(singer""}""",3626,10/18/2018,12/31/1999,,0,none,0,0,0,,0,0,,,,,,,,,,,,,,
402,n,Jiyeon,지연,Park Ji-yeon,,0,0,0,0,0,female,y,193,0,2014,NULL,"{K"":""Park_Ji-yeon""","I:""jiyeon2__""","V:""C886D5""}""",3635,5/20/2014,6/7/1993,,0,none,15639,19,0,,0,0,,,,,,,,,,,,
403,n,Ben,벤,Lee Eun-yeong,,222,0,0,0,0,female,y,0,0,2012,NULL,"{K"":""Ben_(South_Korean_singer)""}""",0,9/18/2012,7/30/1991,,0,none,2414,249,6,,0,0,,,,,,,,,,,,,,
404,n,Yong Jun Hyung,용준형,Yong Jae-soon,Junhyung; Yong Jun-hyung,0,0,0,0,0,male,y,86,0,2011,NULL,"{K"":""Yong_Jun-hyung""","I:""bigbadboii""","T:""joker891219""}""",3654,12/13/2013,12/19/1989,,0,none,59361,57,0,,0,0,,,,,,,,,,,,
406,n,Paul Kim,폴킴,Kim Tae-hyung,,289,0,0,0,0,male,y,0,0,2014,NULL,"{K"":""Paul_Kim_(musician""","A:""paul-kim\/id285172014""","D:""paul-kim""}""",6479,1/21/2014,2/11/1988,,0,none,5459,663,5,"{GDA"":1","SMA:1}""",2,0,,,,,,,,,,,
407,n,Ali,알리,Cho Yong-jin,,250,0,0,0,0,female,y,0,0,2009,NULL,"{K"":""Ali_(South_Korean_singer)""","A:""ali\/255077326""}""",3678,10/10/2009,11/20/1984,,0,none,7616,98,0,,0,0,,,,,,,,,,,,,
408,n,Nam Woohyun,남우현,Nam Woo-hyun,Woohyun,34,0,0,0,0,male,y,96,0,2016,NULL,"{K"":""Nam_Woo-hyun""","T:""wowwh""}""",3679,5/8/2016,2/8/1991,,0,none,214294,8,0,,0,0,,,,,,,,,,,,,
409,n,Yang Yoseob,양요섭,Yang Yo-seop,,57,0,0,0,0,male,y,86,0,2012,NULL,"{K"":""Yang_Yo-seob""","I:""yysbeast""}""",3682,11/27/2012,1/5/1990,,0,none,135029,45,0,,0,0,,,,,,,,,,,,,
410,n,Penomeco,페노메코,Jung Dong Wook,Jung Dong Wook;정동욱,257,0,0,0,0,male,y,0,0,2014,NULL,"{I"":""penomadeincorea""}""",0,10/16/2014,10/7/1992,,0,none,8233,0,0,,0,0,,,,,,,,,,,,,,
411,n,Sori,소리,Kim Sori,,97,0,0,0,0,female,y,232,0,2018,NULL,"{I"":""lovesori_""}""",0,9/4/2018,7/21/1990,,0,none,0,4,0,,0,0,,,,,,,,,,,,,,
412,n,Coco,코코,Lee Co-co,,0,0,0,0,0,female,y,603,0,2017,NULL,"{I"":""rilaccoco""","T:""rilaccoco_""","Y:""UC4sQelfHFRVDQoiFYRyUFZA""}""",0,NULL,3/25/1991,,0,none,0,0,0,,0,496000,,,,,,,,,,,,
413,n,Buzz,버즈,,,339,0,0,0,0,male,n,0,0,2003,NULL,"{K"":""Buzz_(band)""","F:""buzzcomeback""","I:""long_play_music""","Y:""UCfJUhjgK-m9iGiPwRJezM_Q""","V:""F211A3""","A:""buzz\/367784725""","S:""4SdXXEHKFa5NSoh10QxeN2""}""",0,10/10/2003,NULL,,452579,none,463688,57,0,"{GDA"":2","MAMA:2}""",4,33300,,,,,,,
414,n,JBJ95,제이비제이구오,,,18,0,0,0,0,male,n,274,274,2018,NULL,"{T"":""JBJ95__official""","F:""JBJ95.official""","I:""JBJ95__official""}""",3704,10/30/2018,NULL,,0,none,147782,0,0,,0,0,,,,,,,,,,,,
415,n,Eyedi,아이디,Nam Yu-jin,남유진,313,0,0,0,0,female,y,0,0,2016,NULL,"{I"":""eyedi_camp""","F:""eyedicamp""","U:""nameyo1""","V:""E972B7""}""",3706,7/19/2016,12/8/1995,,0,none,0,0,0,,0,0,,,,,,,,,,,
416,n,Kang Hye Yeon,강혜연,Kang Hye-yeon,Hyeyeon,0,0,0,0,0,female,y,27,0,2013,NULL,"{I"":""hyeyeon_2""","T:""hyeyeon2ya""}""",3712,10/31/2018,12/8/1990,,0,none,0,0,0,,0,0,,,,,,,,,,,,,
417,n,Hwang Chi Yeul,황치열,Hwang Chi-yeul,,318,0,0,0,0,male,y,0,0,2007,NULL,"{K"":""Hwang_Chi-yeul""}""",0,2/13/2007,12/3/1982,,0,none,544795,79,0,"{GDA"":1}""",1,0,,,,,,,,,,,,,,
418,n,14U,원포유,,,108,0,0,0,0,male,n,0,0,2017,2019,"{K"":""14U""","V:""D27597""}""",0,4/17/2017,NULL,,0,none,27762,0,0,,0,0,,,,,,,,,,,,,
419,n,Leo,레오,Jung Taek-woon,,36,0,0,0,0,male,y,215,0,2014,NULL,"{K"":""Leo_(singer)""","I:""leo_jungtw""","T:""jungtw_leo""}""",3726,7/31/2018,11/10/1990,,0,none,81020,0,0,,0,0,,,,,,,,,,,,
420,n,Jung Ilhoon,정일훈,Jung Il-hoon,Ilhoon,6,0,0,0,0,male,y,38,0,2012,NULL,"{K"":""Jung_Il-hoon""","I:""ilhoonmj""}""",6175,3/8/2018,10/4/1994,,0,none,34005,3,0,,0,0,,,,,,,,,,,,,
421,n,Jeong Se-woon,정세운,Jeong Se-woon,Sewoon,5,0,0,0,0,male,y,0,0,2017,NULL,"{T"":""jeongsewoon_twt""","F:""OfficialJeongSewoon""","K:""Jeong_Se-woon""}""",3730,8/31/2017,5/31/1997,,0,none,166475,5,0,,0,0,,,,,,,,,,,,
422,n,Shaun,숀,Kim Yun-ho,Kim Yun-ho;김윤호,286,0,0,0,0,male,y,0,0,2018,NULL,"{K"":""Shaun_(musician)""}""",0,10/29/2014,1/12/1990,,0,none,0,83,3,,0,0,,,,,,,,,,,,,,
423,n,Vibe,바이브,,,0,0,0,0,0,male,n,0,0,2002,NULL,"{K"":""Vibe_(band)""}""",0,NULL,NULL,,0,none,22483,208,0,"{GDA"":1","SMA:1}""",2,0,,,,,,,,,,,,,
424,n,Nilo,닐로,Oh Dae-ho,,0,0,0,0,0,male,y,0,0,2015,NULL,"{I"":""real.nilo""}""",3757,3/26/2018,4/18/1990,,0,none,0,143,1,,0,0,,,,,,,,,,,,,,
425,n,10cm,십센치,,Kwon Jungyeol + Yoon Cheol-jong,260,0,0,0,0,male,n,0,0,2010,2017,"{K"":""10cm_(band)""","W:""www.msbsound.com\/artist\/10cm""","A:""10cm\/448032126""}""",0,4/22/2010,NULL,,0,none,7221,423,1,"{KMA"":1","MMA:2}""",3,0,,,,,,,,,,,
426,n,Kim Dongryul,김동률,Kim Dong-ryul,,256,0,0,0,0,male,y,0,0,1994,NULL,"{K"":""Kim_Dong-ryul""","I:""yulmonologue""","F:""yulmonologue""","W:""www.kimdongryul.com\/""}""",0,9/22/1998,3/15/1974,,916675,none,1068678,105,2,"{KMA"":1","GDA:1}""",2,0,,,,,,,,,,
427,n,Yang Da-il,양다일,Yang Da-il,Yang Da il,122,0,0,0,0,male,y,0,0,2015,NULL,"{K"":""Yang_Da-il""","I:""yangdail""","Y:""UC7hJAdXkTLTjEPNjYK5wzbg""","A:""yang-dail\/883477128""","F:""\uc591\ub2e4\uc77c""","S:""5DnjOSzLCfn4hDbLECq8pt""","V:""F61123""}""",3772,9/30/2015,2/21/1992,,0,none,0,141,0,"{SMA"":1}""",1,33900,,,,,,,,
428,n,Loco,로꼬,Kwon Hyuk-woo,권혁우,255,0,0,0,0,male,y,0,0,2012,NULL,"{K"":""Loco_(rapper)""","T:""locogocrazy""","I:""satgotloco""","F:""Loco.Officially""","A:""loco\/543659246""}""",0,12/22/2012,12/25/1989,,0,none,9047,144,0,,0,0,,,,,,,,,,
429,y,Loco + Hwasa,로꼬 + 화사,,로꼬(loco)+화사(hwasa),0,428,287,0,0,coed,n,0,0,2018,NULL,,0,NULL,NULL,,0,none,0,0,0,,0,0,,,,,,,,,,,,,,
430,n,Roy Kim,로이킴,Kim Sang-woo,김상우,163,0,0,0,0,male,y,0,0,2012,NULL,"{K"":""Roy_Kim""","I:""roykimmusic""","F:""OfficialRoyKim""","T:""roysangwookim""","V:""EED20B""","Y:""UCn9sWzxAa7HXCNw_7xAfE_Q""","U:""officialroykim""","A:""roy-kim\/572430917""","S:""3ErHVJMsxTq2lLSmnONBm9""}""",3786,4/21/2013,7/3/1993,,0,none,42891,244,3,"{GDA"":2",MMA:1,"MAMA:2}""",5,130000,,,,
431,n,Moon Moon,문문,Kim Young Shin,Moon By Moon,0,0,0,0,0,male,y,0,0,NULL,NULL,,0,7/18/2016,6/19/1988,,0,none,0,49,0,,0,0,,,,,,,,,,,,,,
432,n,Haon,김하온,Kim Ha-on,하온,273,0,0,0,0,male,y,0,0,2018,NULL,"{K"":""Haon_(rapper)""","I:""noahmik""","S:""2krUNMgFZYm5s4Nn0g91W9""}""",11282,6/28/2018,7/7/2000,,0,none,2167,42,0,,0,0,,,,,,,,,,,,
433,n,Punch,펀치,Bae Jin-yeong,배진영,254,0,0,0,0,female,y,0,0,2014,NULL,"{K"":""Punch_(singer)""","D:""Punch""","I:""punchbaebae""","A:""punch\/478791214""}""",0,1/6/2014,2/19/1993,,0,none,63987,146,1,,0,0,,,,,,,,,,,
434,n,Isu,이수,Lee Soo,,0,0,0,0,0,male,y,450,0,2017,NULL,,0,NULL,4/22/1981,,0,none,0,64,0,,0,0,,,,,,,,,,,,,,
435,n,Jang Deok Cheol,장덕철,,,0,0,0,0,0,male,n,0,0,2015,NULL,"{K"":""Jang_Deok_Cheol""}""",0,1/13/2015,NULL,,0,none,0,125,3,,0,0,,,,,,,,,,,,,,
436,n,Dean,딘,Kwon Hyuk,권혁,266,0,0,0,0,male,y,733,0,2015,NULL,"{K"":""Dean_(South_Korean_singer)""","T:""deantheofficial""","I:""deantrbl""","F:""deantrblous""}""",3801,3/24/2016,11/10/1992,,0,none,21118,147,1,"{KMA"":1}""",1,0,,,,,,,,,,,
437,n,GB9,길구봉구,,GilguBonggu,196,0,0,0,0,male,n,0,0,2013,NULL,,11258,4/1/2013,NULL,,0,none,0,124,0,,0,0,,,,,,,,,,,,,,
438,n,Yoon Jong-shin,윤종신,Yoon Jong-shin,,8,0,0,0,0,male,y,0,0,1990,NULL,"{K"":""Yoon_Jong-shin""","T:""melodymonthly""","I:""yoonjongshin""","F:""monthlyjs""}""",0,5/1/1991,10/15/1969,,228736,none,242845,120,1,"{GDA"":1",MMA:1,MAMA:1,"SMA:1}""",4,0,,,,,,,,
440,n,Suran,수란,Shin Su Ran,Shin Su-ran;Elena;Baily Shoo;엘에나;베일리 슈,360,0,0,0,0,female,y,0,0,2017,NULL,"{K"":""Suran_(singer)""","I:""suranelenashin""","F:""suranofficial""}""",0,12/17/2014,7/15/1986,,0,none,963,61,0,"{GDA"":1",MMA:1,"SMA:1}""",3,0,,,,,,,,,,
441,n,Seenroot,신현희와김루트,,,0,0,0,0,0,coed,n,0,0,2015,NULL,"{K"":""Seenroot""}""",0,NULL,NULL,,0,none,0,32,0,,0,0,,,,,,,,,,,,,,
442,n,Woo Won-jae,우원재,Woo Won-jae,Woo; Munch,255,0,0,0,0,male,y,0,0,2017,NULL,"{K"":""Woo_Won-jae""","I:""munchinthepool""","T:""munchinthepool""","A:""woo\/1267775141""","W:""www.aomgofficial.com\/woo""}""",3823,9/5/2017,12/23/1996,,0,none,4419,80,2,"{KMA"":1}""",1,0,,,,,,,,,,
443,n,Jung Seung Hwan,정승환,Jung Seung-hwan,,300,0,0,0,0,male,y,0,0,2014,NULL,"{K"":""Jung_Seung-hwan_(singer)""}""",9288,11/29/2016,8/21/1996,,0,none,23323,223,3,,0,0,,,,,,,,,,,,,,
444,y,Yoon Jong-shin + Minseo,윤종신 + 민서,,Jong Shin Yoon + MINSEO,0,438,304,0,0,coed,n,0,0,2016,NULL,[],16964,10/17/2016,NULL,,0,none,0,0,0,,0,0,,,,,,,,,,,,,,
445,n,Vinxen,이병재,Lee Byung Jae,Lee Byung-jae;빈첸,301,0,0,0,0,male,y,0,0,2018,NULL,"{K"":""Vinxen""}""",3837,5/9/2018,4/20/2000,,0,none,11589,28,0,,0,0,,,,,,,,,,,,,,
446,y,Haon + Vinxen,김하온 + 이병재,,김하온 (HAON)+ 이병재 (Vinxen),174,432,445,0,0,male,n,0,0,2018,NULL,,0,8/2/2016,NULL,,0,none,0,0,0,,0,0,,,,,,,,,,,,,,
447,n,Park Won,박원,Park Won,,281,0,0,0,0,male,y,0,0,2016,NULL,"{F"":""officialParkWon""}""",3840,11/16/2016,1/11/1985,,0,none,0,104,0,,0,0,,,,,,,,,,,,,,
448,y,Suzy + Park Won,수지 + 박원,,수지+박원,0,281,447,0,0,coed,n,0,0,2017,NULL,,3844,2/27/2017,NULL,,0,none,0,0,0,,0,0,,,,,,,,,,,,,,
449,n,Zia,지아,Park Ji Hye,박지혜,30,0,0,0,0,female,y,0,0,2007,NULL,"{K"":""Zia_(singer)""","F:""OfficialZIA""}""",3853,7/12/2007,7/21/1986,,0,none,5647,212,0,,0,0,,,,,,,,,,,,,
450,n,M.C The Max,엠씨더맥스,,MC the Max; Moon Child,0,0,0,0,0,male,n,0,0,2000,NULL,"{K"":""MC_the_Max""}""",0,NULL,NULL,,0,none,27360,460,5,"{GDA"":3",MMA:2,"SMA:1}""",6,0,,,,,,,,,,,,
451,n,Loopy,루피,Lee Jin-yong,,259,0,0,0,0,male,y,0,0,2015,NULL,,0,9/30/2015,9/9/1987,,0,none,1685,16,0,,0,0,,,,,,,,,,,,,,
452,n,M.O.N.T,몬트,,,157,0,0,0,0,male,n,0,0,2019,NULL,,3881,1/4/2019,NULL,,0,none,0,0,0,,0,0,,,,,,,,,,,,,,
453,n,Yoona,윤아,Im Yoon-ah,,1,0,0,0,0,female,y,78,329,2017,NULL,,0,5/30/2019,5/30/1990,,0,none,53051,3,0,,0,0,,,,,,,,,,,,,,
454,n,Oneus,원어스,,,44,0,0,0,0,male,n,0,0,2019,NULL,"{T"":""official_ONEUS""","I:""official_oneus""","F:""officialONEUS""","V:""C2D78B""","D:""oneus""","K:""Oneus""","Y:""UCWTYf4xModfNsyq2NUYjF5g""","A:""oneus\/1437510375""","W:""cafe.daum.net\/RBWBOYZ""","S:""3CVYSpM7nfHFG5qCTW7Ht9""}""",3906,1/9/2019,NULL,To Moon,0,none,664011,0,0,,0,1350000,,,,,
455,n,Cherry Bullet,체리블렛,,,10,0,0,0,0,female,n,0,0,2019,NULL,"{W"":""cherrybullet.co.kr""","T:""cherrybullet""","I:""CherryBullet""","F:""CherryBulletOfficial""}""",3953,1/21/2019,NULL,Lullet (룰렛),0,none,40636,0,0,,0,0,,,,,,,,,,,
456,n,Hyomin,효민,Park Sun-young,,361,0,0,0,0,female,y,193,193,2014,NULL,,3929,6/30/2014,5/30/1989,,0,none,32234,5,0,,0,0,,,,,,,,,,,,,,
457,n,Favorite,페이버릿,,,92,0,0,0,0,female,n,0,0,2017,NULL,"{I"":""favorite_official""","T:""favorite_twt""","Y:""UCpJTTbU6UUbaujM3wvm_4EA""","D:""favorite""}""",3931,7/5/2017,NULL,,0,none,2098,0,0,,0,21700,,,,,,,,,,,
458,n,Lee SoRa,이소라,Lee So-ra,,0,0,0,0,0,female,y,0,0,1995,NULL,,0,9/1/1995,12/29/1969,,0,none,12759,67,0,"{KMA"":2}""",2,0,,,,,,,,,,,,,,
459,n,Verivery,베리베리,,,36,0,0,0,0,male,n,0,0,2018,NULL,"{T"":""the_verivery""","I:""the_verivery""","F:""theverivery""","Y:""UC4t_pYSKIhLWFgutdzIK66Q""","V:""BC9853""","D:""verivery""","K:""Verivery""","S:""1fWUcRSok57yRm8gPKj1Fc""}""",3946,9/1/2019,NULL,VERRER,0,none,326954,0,0,,0,323000,,,,,,,
460,n,ITZY,있지,,,14,0,0,0,0,female,n,0,0,2019,NULL,"{K"":""Itzy""","W:""itzy.jype.com""","T:""ITZYOfficial""","F:""OfficialItzy""","Y:""UCDhM2k2Cua-JdobAh5moMFg""","V:""BAE889""","I:""itzy.all.in.us""","D:""itzy""}""",3976,2/12/2019,NULL,Midzy,0,none,1447384,132,0,"{GDA"":3",MAMA:1,"SMA:2}""",6,6950000,,,,,
461,n,Ha Sung Woon,하성운,Ha Sung-woon,Ha Sungwoon,158,0,0,0,0,male,y,395,0,2019,NULL,"{I"":""official.hasungwoon""","T:""HSW_officialtwt""","V:""BAC88D""","K:""Ha_Sung-woon""}""",4010,2/28/2019,3/22/1994,,0,none,451979,16,0,"{SMA"":1}""",1,0,,,,,,,,,,,
462,n,Yoon Jisung,윤지성,Yoon Byeong-ok,Yoon Jiseong;Yoon Ji-seong,268,0,0,0,0,male,y,265,265,2019,NULL,"{K"":""Yoon_Ji-sung""","F:""Official.YJS.lm""","I:""_yoonj1sung_""","T:""Official_YJS_""","V:""BA7897""","U:""UC0toF0jpYJUgS7jAgCNCVNw""}""",4021,2/20/2019,3/8/1991,,0,none,101033,0,0,,0,0,,,,,,,,,
463,n,ATEEZ,에이티즈,,,56,0,0,0,0,male,n,0,0,2018,NULL,"{K"":""Ateez""","T:""ATEEZofficial""","I:""ateez_official_""","F:""ATEEZofficial""","V:""C057DB""","D:""ateez""","A:""ateez\/1439301205""","W:""ateez.kqent.com\/""","U:""ATEEZofficial""","S:""68KmkJeZGfwe1OUaivBa2L""","Y:""UC2e4Ukj5Pfr7cb3KpJAFBdQ""}""",4023,10/24/2018,NULL,ATINY,0,none,2922922,1,0,"{GDA"":1","SMA:2}""",3,2690000,,,
464,n,ONF,온앤오프,,On N Off,28,0,0,0,0,male,n,0,0,2017,NULL,"{K"":""ONF_(band)""","I:""wm_onoff""","T:""wm_onoff""","F:""official.wmonoff""","Y:""UCgdj5bL5_Il2tqsQ7J4k6zw""","V:""E812E3""","D:""ONF""","U:""ONF_OFFICIAL""","A:""onf\/1266514383""","S:""0eEhOgZ2x6kv8kLz77WO7bv""","W:""on7off.com\/""}""",7014,8/2/2017,NULL,Fuse,0,none,545597,6,0,,0,241000,,,,
465,n,TXT,투모로우바이투게더,,Tomorrow X Together,41,0,0,0,0,male,n,0,0,2019,NULL,"{I"":""txt_bighit""","T:""TXT_members""","F:""TXT.bighit""","V:""BA18A3""","K:""TXT_(band)""","D:""txt""","W:""txt.ibighit.com""","U:""txt_bighit""","S:""0ghlgldX5Dd6720Q3qFyQB""","Y:""UCtiObj3CsEAdNU6ZPWDsddQ""}""",4030,3/4/2019,NULL,MOA,0,none,3465633,5,0,"{GDA"":3",MAMA:1,"SMA:2}""",6,8860000,,,
466,n,Yeri,예리,Kim Ye Rim,Jin Yi-lin; Katie Kim,1,0,0,0,0,female,y,165,165,2019,NULL,[],4038,3/14/2019,3/5/1999,,0,none,0,0,0,,0,0,,,,,,,,,,,,,,
467,n,Everglow,에버글로우,,,79,0,0,0,0,female,n,0,0,2019,NULL,"{I"":""official_everglow""","T:""EVERGLOW_twt""","V:""B848DD""","D:""everglow""}""",4044,3/18/2019,NULL,,0,none,211526,0,0,,0,0,,,,,,,,,,,
468,n,Jang Beom June,장범준,Jang Beom-june,,0,0,0,0,0,male,y,257,0,2014,NULL,"{Y"":""UCjwCsj-axFNcxnv3yzV22WQ""}""",6723,8/19/2014,5/16/1989,,0,none,28478,414,3,"{MMA"":1}""",1,944000,,,,,,,,,,,,,,
469,n,Jannabi,잔나비,,,0,0,0,0,0,male,n,0,0,2012,NULL,"{K"":""Jannabi_(band)""","I:""bandjannabi""}""",0,4/28/2014,NULL,,0,none,52046,126,1,"{KMA"":2",GDA:1,MMA:1,"MAMA:2}""",6,0,,,,,,,,,,
470,n,Kassy,케이시,Kim So-yeon,김소연,326,0,0,0,0,female,y,0,0,2015,NULL,"{T"":""Official_Kassy""","I:""real_kassy""","F:""OfficialKassy""","Y:""UCfxrNQQDxLhBoOeOZeUolbQ""","V:""E2539B""}""",0,8/25/2015,10/6/1995,,0,none,0,151,0,"{SMA"":1}""",1,58700,,,,,,,,,,
471,n,Minho,민호,Choi Min Ho,,1,0,0,0,0,male,y,172,172,2019,NULL,"{K"":""Choi_Min-ho""}""",4089,3/28/2019,12/9/1991,,0,none,0,0,0,,0,0,,,,,,,,,,,,,,
472,n,Sohlhee,솔희,Kim Sol-hee,,1,0,0,0,0,female,y,0,0,2019,NULL,"{A"":""\uc194\ud76c\/1348935509""}""",4094,3/30/2019,1/13/1994,,0,none,0,0,0,,0,0,,,,,,,,,,,,,,
473,n,Jus2,저스투,,,0,0,0,0,0,male,n,80,80,2019,NULL,,4098,3/3/2019,NULL,,0,none,85461,0,0,,0,0,,,,,,,,,,,,,,
474,n,Bastarz,바스타즈,,Block B Bastarz,0,0,0,0,0,male,n,32,32,2015,NULL,"{K"":""Bastarz""}""",4105,4/13/2015,NULL,,0,none,0,0,0,,0,0,,,,,,,,,,,,,,
475,n,Minhyun,민현,Hwang Min-hyun,황민현,9,0,0,0,0,male,y,151,0,2019,NULL,"{K"":""Hwang_Min-hyun""}""",0,NULL,8/9/1995,,0,none,0,1,0,,0,0,,,,,,,,,,,,,,
476,n,Park Jihoon,박지훈,Park Ji-hoon,,82,0,0,0,0,male,y,265,0,2019,NULL,"{K"":""Park_Ji-hoon""","T:""Park_Jihoon_twt""","I:""0529.jihoon.ig""","Y:""UCzlpmIJE0yzuc1f4EFQYRJQ""","V:""BA489D""","A:""park-ji-hoon\/1457542074""","W:""park-jihoon.co.kr\/""","U:""PARKJIHOONOfficial""}""",4128,3/26/2019,5/29/1999,,0,none,476461,1,0,,0,831000,,,,,,,
477,n,Junggigo,정기고,Go Jung-gi,고정기,40,0,0,0,0,male,y,0,0,2008,NULL,"{K"":""Junggigo""}""",0,12/22/2008,9/5/1980,,0,none,1411,27,1,"{KMA"":1}""",1,0,,,,,,,,,,,,,,
478,n,1THE9,원더나인,,Wonder Nine,4,0,0,0,0,male,n,0,0,2019,2020,"{K"":""1the9""","I:""official__1the9""","T:""official__1the9""","F:""official.1the9""","V:""B998B3""","A:""1the9\/1459101984""","S:""6ZZafCTzyk1yjqEES63cMm""","D:""1the9""}""",0,2/9/2019,NULL,Wonderland,0,none,53580,0,0,,0,0,,,,,,,
479,n,Target,타겟,,,123,0,0,0,0,male,n,0,0,2018,NULL,"{K"":""Target_(band)""","F:""target7official""","I:""target7official""","T:""target7official""}""",0,1/23/2018,NULL,,0,none,20377,0,0,,0,0,,,,,,,,,,,
480,n,Kim Hee Chul,김희철,Kim Hee-chul,Kim Heechul; Heechul; 희철,1,0,0,0,0,male,y,189,189,2006,NULL,"{K"":""Kim_Hee-chul""","I:""kimheenim""}""",4197,4/24/2019,7/10/1983,,0,none,0,0,0,,0,0,,,,,,,,,,,,,
481,n,Kriesha Chu,크리샤 츄,Kriesha Ziskind Teo Tiu,,331,0,0,0,0,female,y,0,0,2017,NULL,"{K"":""Kriesha_Chu""","T:""724chu_official""","I:""kzt__""","Y:""UCEOA5dqY5Qzz5MaKBImavYg""","V:""E173B7""}""",4216,5/24/2017,12/20/1998,,0,none,0,0,0,,0,122000,,,,,,,,,,
482,n,BVNDIT,밴디트,,,187,0,0,0,0,female,n,0,0,2019,NULL,"{I"":""bvndit_official""","Y:""UCNAIB6brZzCCe1QDXq0o7bQ""","T:""@BVNDIT_official""}""",4226,4/10/2019,NULL,BVNDITBUL (반딧불),0,none,5470,0,0,,0,127000,,,,,,,,,,,,
483,y,Eunji + 10cm,정은지 + 십센치,,,0,255,425,0,0,coed,n,0,0,2019,NULL,,4231,4/30/2019,NULL,,0,none,0,0,0,,0,0,,,,,,,,,,,,,,
484,n,Lee Hae-ri,이해리,Lee Hae-ri,,163,0,0,0,0,female,y,53,0,2008,NULL,"{K"":""Lee_Hae-ri""","T:""tweethaeri""","I:""dlgofl85""}""",4240,4/19/2017,2/14/1985,,0,none,2491,42,0,,0,0,,,,,,,,,,,,
485,n,Lim Jae Hyun,임재현,Lim Jae-hyun,Lim JaeHyun,0,0,0,0,0,male,y,0,0,2017,NULL,,0,7/21/2017,10/21/1997,,0,none,0,125,3,,0,0,,,,,,,,,,,,,,
486,y,Soyou + Ovan,소유 + 오반,,Soyou(소유)+Ovan(오반),0,178,606,0,0,coed,n,0,0,2019,NULL,,4305,5/16/2019,NULL,,0,none,0,0,0,,0,0,,,,,,,,,,,,,,
487,n,AB6IX,에이비식스,,Brandnewboys,122,0,0,0,0,male,n,0,0,2019,NULL,"{F"":""AB6IX""","T:""AB6IX""","I:""ab6ix_official""","K:""AB6IX""","Y:""UCwytna6i1rFCt13a3Qvuk-A""","U:""AB6IX""","V:""B5D92B""","A:""ab6ix\/1463405847""","D:""ab6ix""}""",4336,5/22/2019,NULL,ABNEW,0,none,887014,8,0,"{GDA"":1","SMA:1}""",2,537000,,,,,
488,y,Yoona + Lee Sang Soon,윤아 + 이상순,,,0,453,814,0,0,coed,n,0,0,2018,NULL,,0,NULL,NULL,,0,none,0,0,0,,0,0,,,,,,,,,,,,,,
489,n,Woody,우디,Kim Sang-woo,김상우; Sangwoo,291,0,0,0,0,male,y,0,0,2017,NULL,,0,1/23/2019,2/22/1992,,0,none,0,49,3,,0,0,,,,,,,,,,,,,,
490,n,Kim Jaehwan,김재환,Kim Jae-hwan,Kim Jae Hwan,276,0,0,0,0,male,y,265,0,2019,NULL,"{K"":""Kim_Jae-hwan_(singer)""","T:""KJH_officialtwt""","I:""jaehwan0527""","Y:""UC1RjCqJ8nlQq-kx7mXYhPWg""","V:""BAB88F""","A:""kim-jae-hwan\/539378545""}""",4358,5/20/2019,5/27/1996,,0,none,263792,30,0,,0,168000,,,,,,,,,
491,n,Kim Na Young,김나영,Kim Na-young,,329,0,0,0,0,female,y,0,0,2013,NULL,"{K"":""Kim_Na-young_(singer)""","W:""www.neverlandent.co.kr\/artist\/kimnayoung.php""}""",4382,10/18/2016,12/31/1991,,0,none,0,124,2,,0,0,,,,,,,,,,,,,
492,n,Somi,전소미,Jeon So-mi,Jeon So-mi;Jeon Somi;Ennik Somi Douma,277,0,0,0,0,female,y,94,0,2019,NULL,"{K"":""Jeon_So-mi""","I:""somsomi0309""","D:""somi""","T:""somi_official_""","V:""B4595B""}""",4406,6/13/2019,3/9/2001,,0,none,58933,52,0,"{GDA"":1}""",1,0,,,,,,,,,,
493,n,Giriboy,기리보이,Hong Si-young,홍시영,272,0,0,0,0,male,y,0,0,2011,NULL,"{K"":""Giriboy""","I:""giriboy91""","C:""giriboy_wybh""","S:""2MtHuR0W2idZdF7x4wddqq""}""",11262,12/6/2011,1/24/1991,,0,none,25512,76,0,,0,0,,,,,,,,,,,
494,n,Song Haye,송하예,Song Ha ye,Song Hayea,358,0,0,0,0,female,y,0,0,2012,NULL,"{T"":""songhayea""}""",0,4/18/2013,2/20/1994,,0,none,0,100,0,,0,0,,,,,,,,,,,,,,
495,n,Rothy,로시,Kang Ju Hee,,319,0,0,0,0,female,y,0,0,2017,NULL,"{T"":""Rothy_official""","I:""Rothy_official""","F:""Rothy.official""}""",0,11/9/2017,5/6/1999,,0,none,0,5,0,,0,0,,,,,,,,,,,,
496,n,Jun Hyo Seong,전효성,Jun Hyo-seong,Hyoseong; Jun Hyoseong; Hyosung,322,0,0,0,0,female,y,168,168,2014,NULL,"{K"":""Jun_Hyo-seong""","I:""superstar_jhs""","A:""jun-hyo-seong\/591040040""}""",10481,5/12/2014,10/13/1989,,0,none,29414,21,0,,0,0,,,,,,,,,,,,
497,y,EXO + Yoo Jae-suk,엑소 + 유재석,,,0,61,777,0,0,male,n,0,0,2016,NULL,,0,NULL,NULL,,0,none,0,0,0,,0,0,,,,,,,,,,,,,,
498,n,Jang Hyejin,장혜진,Jang Hye-jin,,36,0,0,0,0,female,y,0,0,1991,NULL,"{K"":""Jang_Hye-jin""}""",0,9/1/1991,5/15/1965,,0,none,959,44,0,,0,0,,,,,,,,,,,,,,
499,y,Jang Hye Jin + Yoon Min soo,장혜진 + 윤민수,,Jang Hye-Jin + Yun Min-Soo;Jang HyeJin + Yun MinSoo,0,787,786,0,0,coed,n,0,0,2019,NULL,,0,NULL,NULL,,0,none,0,0,0,,0,0,,,,,,,,,,,,,,
500,n,D.O.,디오,Do Kyung-soo,도경수,1,0,0,0,0,male,y,61,61,2014,NULL,"{K"":""D.O._(entertainer)""}""",0,NULL,1/12/1993,,0,none,380178,24,0,,0,0,,,,,,,,,,,,,,
501,n,Hong-bin + Hyung Won,홍빈 + 형원,,이홍빈 + 채형원,0,0,0,0,0,male,n,0,0,2019,NULL,,0,NULL,NULL,,0,none,0,0,0,,0,0,,,,,,,,,,,,,,
502,n,Xiumin,시우민,Kim Min Seok,김민석;Kim Min Seok,1,0,0,0,0,male,y,61,61,2015,NULL,[],0,NULL,3/26/1990,,0,none,0,3,0,,0,0,,,,,,,,,,,,,,
503,n,Saturday,세러데이,,,134,0,0,0,0,female,n,0,0,2018,NULL,"{I"":""official_saturday""","F:""saturday0718""","T:""saturday718""","Y:""UCOWHtRSzgSyNA0MMkZdchJQ""}""",0,7/18/2018,NULL,,0,none,4696,0,0,,0,109000,,,,,,,,,,,
504,n,Taeyong,태용,Lee Tae Yong,이태용,1,0,0,0,0,male,y,714,0,2019,NULL,,4621,7/18/2019,7/1/1995,,0,none,0,0,0,,0,0,,,,,,,,,,,,,,
505,n,EXO-SC,엑소SC,,세훈&찬열,1,0,0,0,0,male,n,61,61,2019,NULL,,4629,7/22/2019,NULL,,0,none,958750,0,0,"{GDA"":1}""",1,0,,,,,,,,,,,,,,
506,n,Girls Girls,여자여자,,,105,0,0,0,0,female,n,0,0,2015,NULL,"{I"":""girlsgirls_official""","F:""GIRLSGIRLSOFFICIALPAGE""}""",0,12/9/2015,NULL,,0,none,0,0,0,,0,0,,,,,,,,,,,,,
507,n,MiSO,미소,Kim Mi So,,105,0,0,0,0,female,y,506,506,2017,NULL,"{I"":""miso_mmss""","V:""C227A1""}""",4647,4/9/2017,2/4/1995,,0,none,0,0,0,,0,0,,,,,,,,,,,,,
508,n,D.Holic,디홀릭,,,18,0,0,0,0,female,n,0,0,2014,2017,"{K"":""D.Holic""}""",0,10/29/2014,NULL,,0,none,1089,0,0,,0,0,,,,,,,,,,,,,,
509,n,Matilda,마틸다,,,102,0,0,0,0,female,n,0,0,2016,NULL,"{T"":""MTD_BOXMEDIA""","F:""matilda0318""","Y:""UCXkEcZjw1prPpPe6HACxZmw""","V:""E4D34B""}""",0,3/18/2016,NULL,,0,none,0,0,0,,0,19700,,,,,,,,,,,
510,n,EvoL,이블,,,27,0,0,0,0,female,n,0,0,2012,2015,"{K"":""EvoL""}""",0,8/10/2012,NULL,Voller,0,none,3025,0,0,,0,0,,,,,,,,,,,,,,
511,n,Kang Daniel,강다니엘,Kang Eui-geon,,275,0,0,0,0,male,y,265,0,2019,NULL,"{K"":""Kang_Daniel""","I:""thisisdaniel_k""","F:""Official.KDN.lm""}""",4678,7/25/2019,12/10/1996,,0,none,1424209,17,1,"{SMA"":2}""",2,0,,,,,,,,,,,,
512,n,Maktub,마크툽,Yang Jin Mo,양진모;Yang Jin Mo,338,0,0,0,0,male,y,0,0,2017,NULL,,0,NULL,10/15/1988,,0,none,0,203,0,,0,0,,,,,,,,,,,,,,
513,n,Busters,버스터즈,,,148,0,0,0,0,female,n,0,0,2017,NULL,"{K"":""Busters_(group)""","T:""Busters_idol""","I:""busters_official""","F:""bustersidol""","V:""D0C5CD""}""",0,11/27/2017,NULL,Bu-Chu,0,none,6216,0,0,,0,0,,,,,,,,,,
514,n,CIX,씨아이엑스,,,93,0,0,0,0,male,n,0,0,2019,NULL,"{Y"":""UCuaslC77K-NmCy8Xwk7x0hA""","I:""cix.official""","T:""CIX_twt""","V:""B8D8CB""","W:""c9ent.co.kr\/c9boyz\/""","K:""CIX_(band)""","F:""CIXofficial""","D:""cix""","S:""1lHfzEkKmmvdVDDDLKkcsd""}""",4698,7/23/2019,NULL,FIX (Faith In X),0,none,384166,0,0,,0,768000,,,,,,
515,n,BIBI,비비,Kim Hyung-seo,nakedbibi,253,0,0,0,0,female,y,0,0,2019,NULL,"{I"":""nakedbibi""","S:""6UbmqUEgjLA6jAcXwbM1Z9""}""",4709,5/15/2019,9/27/1998,BIBI Bullet,0,none,4257,12,0,,0,0,,,,,,,,,,,,,
516,n,Kim Jaejoong,김재중,Kim Jae-joong,Kim Jae Joong,67,0,0,0,0,male,y,111,0,2006,NULL,"{K"":""Kim_Jae-joong""}""",4731,1/17/2013,1/26/1986,,0,none,311805,28,0,,0,0,,,,,,,,,,,,,,
517,n,Rocket Punch,로켓펀치,,,34,0,0,0,0,female,n,0,0,2019,NULL,"{T"":""Official_RCPC""","F:""rcpc06""","I:""official_rcpc_""","Y:""UCDbLcCDRjmKrNtuq6O62lng""","V:""B039DF""}""",4737,8/7/2019,NULL,,0,none,95421,0,0,,0,192000,,,,,,,,,,
519,n,Woosung,우성,Kim Woo Sung,김우성; Sammy,420,0,0,0,0,male,y,275,275,2017,NULL,"{I"":""iwoosung""","T:""woosungofficial""","Y:""UCEOrsZx2jtJMT-RAvTa-fPA""","A:""woosung\/1463153647""","S:""5LHu1iF8m0XtRBEJbbwSoo""}""",4785,7/25/2019,2/25/1993,Black Rose,0,none,0,0,0,,0,316000,,,,,,,,,,
520,n,Jinu,김진우,Kim Jin-woo,,3,0,0,0,0,male,y,217,217,2019,NULL,[],4791,8/14/2019,9/26/1991,,0,none,51356,0,0,,0,0,,,,,,,,,,,,,,
521,n,Hwang In Wook,황인욱,Hwang In-wook,Inwook Hwang,0,0,0,0,0,male,y,0,0,2017,NULL,,0,7/31/2017,1/19/1988,,0,none,0,126,0,,0,0,,,,,,,,,,,,,,
522,n,X1,엑스원,,,276,0,0,0,0,male,n,0,0,2019,2020,"{F"":""x1official101""","I:""x1official101""","T:""x1official101""","V:""B049DD""","Y:""UCboVqbN79qGtz45u_7L8hOA""}""",4834,8/27/2019,NULL,,0,none,654173,19,0,,0,844000,,,,,,,,,,
523,n,Hynn,박혜원,Park Hye-won,,0,0,0,0,0,female,y,0,0,2018,NULL,,9145,12/28/2018,1/15/1998,,0,none,0,109,0,,0,0,,,,,,,,,,,,,,
524,n,Pink Fantasy,핑크판타지,,PinkFantasy,136,0,0,0,0,female,n,0,0,2018,NULL,"{T"":""pinkfantasy_kr""","V:""B888D5""","I:""pinkfantasy_official""","Y:""UCDdqxnt7CBryockG3DLAHug""","D:""pink-fantasy""}""",4896,10/28/2018,NULL,,0,none,1836,0,0,,0,98400,,,,,,,,,,
525,n,3YE,써드아이,,,86,0,0,0,0,female,n,1023,1023,2019,NULL,"{V"":""D884D5""","I:""3ye_official""","T:""3ye_official""","F:""3YE.Offical""","Y:""UCz39fXOBeGVe6OGUUL6v7Og""","K:""3YE""","D:""3ye""","A:""3ye\/1502789186""}""",4996,5/21/2019,NULL,EYE,0,none,0,0,0,,0,299000,,,,,,,
526,n,SuperM,슈퍼엠,,,1,0,0,0,0,male,n,0,0,2019,NULL,"{T"":""superm""","W:""www.supermofficia.com""","K:""SuperM""","I:""superm""","F:""SuperM""","Y:""UCcjV926qiLr_Ghw6A0lTNjA""","D:""superm""}""",5028,10/4/2019,NULL,,0,none,737509,0,0,,0,2550000,,,,,,,,
527,y,Loco + Punch,로꼬 + 펀치,,,0,428,433,0,0,coed,n,0,0,2016,NULL,,0,NULL,NULL,,0,none,0,0,0,,0,0,,,,,,,,,,,,,,
528,n,J.Fla,제이플라,Kim Jeong-hwa,김정화;JFla,0,0,0,0,0,female,y,0,0,2011,NULL,"{K"":""J.Fla""","I:""jfla""","T:""jfla""","F:""jfla""","U:""JFlaMusic""","Y:""UClkRzsdvg7_RKVhwDwiDZOA""}""",11323,7/26/2013,6/10/1987,,0,none,0,0,0,,0,17500000,,,,,,,,,
529,n,As One,애즈원,,,0,0,0,0,0,female,n,0,0,1999,2017,"{K"":""As_One_(musical_duo)""}""",0,11/23/1999,NULL,,301429,some,303445,27,0,,0,0,,,,,,,,,,,,,,
530,y,Chen + Punch,첸 + 펀치,,,0,41,433,0,0,coed,n,0,0,2016,NULL,,0,NULL,NULL,,0,none,0,0,0,,0,0,,,,,,,,,,,,,,
531,y,Punch + Chanyeol,펀치 + 박찬열,,,0,433,583,0,0,coed,n,0,0,2016,NULL,,0,NULL,NULL,,0,none,0,36,0,,0,0,,,,,,,,,,,,,,
532,n,Sulli ☮,설리,Choi Jin-ri,Choi Jin-ri;Sulli,1,0,0,0,0,female,y,65,0,2019,2019,"{K"":""Sulli""}""",5054,6/29/2019,3/29/1994,,0,none,0,0,0,,0,0,,,,,,,,,,,,,,
533,y,Punch + Monday Kiz,펀치 + 먼데이 키즈,,,0,433,356,0,0,coed,n,0,0,2019,NULL,,5057,7/14/2019,NULL,,0,none,0,0,0,,0,0,,,,,,,,,,,,,,
534,n,MC Mong,MC몽,Shin Dong-hyun,신동현,321,0,0,0,0,male,y,0,0,2004,NULL,"{K"":""MC_Mong""}""",0,4/23/2004,9/4/1979,,302122,some,315991,242,5,"{GDA"":3",MAMA:1,"SMA:1}""",5,0,,,,,,,,,,,,
535,n,Hinapia,히나피아,,,189,0,0,0,0,female,n,156,156,2019,2020,"{I"":""hinapia_official""","T:""HINAPIAofficial""","F:""HINAPIA.official""","V:""AABA8F""}""",0,11/3/2019,NULL,,0,none,0,0,0,,0,0,,,,,,,,,,,
536,n,DAWN,던,Kim Hyo-jong,,257,0,0,0,0,male,y,280,1313,2019,NULL,"{K"":""Dawn_(rapper)""","I:""hyojong_1994""","Y:""UCLDLJuFIOQZixN8jtEI8X5w""","U:""DAWN""","A:""dawn\/1486119054""","S:""7DxCK6bwfQC3F2ajZ02R2F""}""",5226,11/5/2019,6/1/1994,,0,none,0,1,0,,0,735000,,,,,,,,,
537,n,OnlyOneOf,온리원오브,,,199,0,0,0,0,male,n,0,0,2019,NULL,"{I"":""onlyoneofofficial""","T:""OnlyOneOf_twt""","K:""OnlyOneOf""","F:""OnlyOneOfofficial""","Y:""UCkTMO7QLYmMzDP3dGuerG8A""","V:""B199B3""","A:""onlyoneof\/1465706743""","W:""onlyoneofmusic.com\/""}""",5229,5/28/2019,NULL,lyOn,0,none,170977,0,0,,0,639000,,,,,,,
538,n,Argon,아르곤,,,212,0,0,0,0,male,n,0,0,2019,NULL,"{I"":""argon_official_""","T:""ARGON_twt""","F:""MSHARGON""","Y:""UCWC-z3JsBNl9H-_3lk-f3Yg""","V:""AEBA0F""","A:""argon\/1455801375""","S:""2dKmshZuLaQQfr55dankVK?si=JSnacdpmSPe48lvPUxGk9g""","K:""Argon_(band)""}""",5233,3/11/2019,NULL,A-Rang,0,none,0,0,0,,0,24700,,,,,,,
539,n,Noel,노을,,,67,0,0,0,0,male,n,0,0,2002,NULL,,0,NULL,NULL,,0,missing,6521,382,1,"{GDA"":1}""",1,0,,,,,,,,,,,,,,
540,n,Jeon Sang Keun,전상근,,,0,0,0,0,0,male,y,0,0,2016,NULL,[],5257,12/22/2016,NULL,,0,none,0,113,0,,0,0,,,,,,,,,,,,,,
541,n,Kim Dong Han,김동한,Kim Dong-han,Donghan,229,0,0,0,0,male,y,274,0,2018,NULL,"{K"":""Kim_Dong-han""}""",5276,6/19/2018,7/3/1998,,0,none,57784,0,0,,0,0,,,,,,,,,,,,,,
542,n,Seven O'Clock,세븐어클락,,SOC,88,0,0,0,0,male,n,0,0,2017,NULL,"{K"":""Seven_O'Clock_(band)""}""",0,3/16/2017,NULL,,0,none,3700,0,0,,0,0,,,,,,,,,,,,,,
543,n,C-Clown,씨클라운,,Crown Clown,219,0,0,0,0,male,n,0,0,2012,2015,"{K"":""C-Clown""}""",5310,6/19/2012,NULL,Crown,0,none,17051,15,0,,0,0,,,,,,,,,,,,,,
544,y,Kim Na Young + Yang Da-il,김나영 + 양다일,,,0,491,427,0,0,coed,n,0,0,2019,NULL,,5335,12/1/2019,NULL,,0,none,0,0,0,,0,0,,,,,,,,,,,,,,
545,y,Dynamic Duo + Chen,다이나믹듀오 + 첸,,,0,384,41,0,0,male,n,0,0,2017,NULL,,5336,1/23/2017,NULL,,0,none,0,0,0,,0,0,,,,,,,,,,,,,,
546,n,Jung Key,정키,Jung Key,,324,0,0,0,0,male,y,0,0,2011,NULL,"{K"":""Jung_Key""}""",5338,5/29/2014,10/10/1986,,0,none,1318,60,1,,0,0,,,,,,,,,,,,,,
547,n,Leebada,이바다,Lee Ba-da,,334,0,0,0,0,female,y,0,0,2015,NULL,"{I"":""leebadasia__""}""",0,5/4/2015,10/29/1992,,0,none,0,0,0,,0,0,,,,,,,,,,,,,,
548,n,Solji,솔지,Heo Sol-ji,soul_g;허솔지,67,0,0,0,0,female,y,60,60,2008,NULL,"{K"":""Heo_Sol-ji""}""",0,1/15/2008,1/10/1989,,0,missing,0,5,0,,0,0,,,,,,,,,,,,,,
549,y,IU + Sung Si-kyung,이지은 + 성시경,,,0,98,369,0,0,coed,n,0,0,2010,NULL,,5432,12/9/2019,NULL,,0,none,0,21,1,,0,0,,,,,,,,,,,,,,
550,n,Changmo,창모,Ku Chang-mo,,308,0,0,0,0,male,y,0,0,2016,NULL,"{K"":""Changmo""}""",0,3/18/2016,5/31/1994,,0,none,5438,179,3,"{KMA"":1","GDA:1}""",2,0,,,,,,,,,,,,,
551,n,Sera Ryu,류세라,Ryu Se-ra,Ryu Sera,0,0,0,0,0,female,y,9,0,2010,NULL,"{K"":""Ryu_Se-ra""","Y:""UCEdc9bL-ketM9H6hIxChEPg""}""",0,8/1/2015,10/3/1987,,0,none,0,0,0,,0,187000,,,,,,,,,,,,,
552,n,MCND,엠시엔디,,,61,0,0,0,0,male,n,0,0,2020,NULL,"{I"":""mcnd_official""","T:""McndOfficial_""","K:""MCND""","D:""mcnd""}""",5856,2/27/2020,NULL,,0,none,101722,0,0,,0,0,,,,,,,,,,,
553,n,DreamNote,드림노트,,,132,0,0,0,0,female,n,0,0,2018,NULL,"{K"":""DreamNote""","T:""iMe_Dreamnote""","I:""iMe_Dreamnote""","Y:""UCMk-o90KmAg9w8Xp0X3gRvg""","V:""C5C72D""}""",0,11/7/2018,NULL,,0,none,11571,0,0,,0,1,,,,,,,,,,
554,n,Sondia,손디아,Son Min Kyung,,0,0,0,0,0,female,y,0,0,2018,NULL,,0,NULL,NULL,,0,none,0,12,0,,0,0,,,,,,,,,,,,,,
555,n,Sleepy,슬리피,Kim Sung-won,Kim Sung-won,357,0,0,0,0,male,y,0,0,2015,NULL,"{K"":""Sleepy_(rapper)""","I:""sleepysta""}""",0,10/20/2015,2/21/1984,,0,none,0,2,0,,0,0,,,,,,,,,,,,,
556,y,Sleepy + Song Ji Eun,슬리피 + 송지은,,,0,555,240,0,0,coed,n,0,0,2015,NULL,,5529,6/16/2015,NULL,,0,none,0,0,0,,0,0,,,,,,,,,,,,,,
557,n,Ong Seongwu,옹성우,Ong Seong-wu,,31,0,0,0,0,male,y,265,0,2017,NULL,"{K"":""Ong_Seong-wu""}""",0,3/25/2020,8/25/1995,,0,none,70106,0,0,,0,0,,,,,,,,,,,,,,
558,n,D.A.N.,단,,,0,0,0,0,0,coed,n,0,0,2019,2019,,5541,3/7/2019,NULL,,0,none,0,0,0,,0,0,,,,,,,,,,,,,,
559,n,Dongwoo,장동우,,Jang Dongwoo,0,0,0,0,0,male,n,96,96,2019,NULL,"{K"":""Jang_Dong-woo""}""",5542,3/4/2019,NULL,,0,none,13907,1,0,,0,0,,,,,,,,,,,,,,
560,n,Astin,아스틴,,,0,0,0,0,0,male,n,0,0,2019,NULL,"{A"":""astin\/1455449389""}""",5543,3/7/2019,NULL,,0,none,0,0,0,,0,0,,,,,,,,,,,,,,
561,n,Midnight,미드나잇,,,0,0,0,0,0,female,n,0,0,2019,NULL,,5544,3/9/2019,NULL,,0,none,0,0,0,,0,0,,,,,,,,,,,,,,
562,n,Wooseok X Kuanlin,우석X관린,,,6,0,0,0,0,male,n,280,280,2019,NULL,"{K"":""Wooseok_x_Kuanlin""}""",15201,3/11/2019,NULL,,0,none,36414,0,0,,0,0,,,,,,,,,,,,,,
563,n,High School,여고생,,,0,0,0,0,0,female,n,0,0,2019,NULL,"{I"":""highschool_official""}""",5547,4/30/2019,NULL,,0,none,0,0,0,,0,0,,,,,,,,,,,,,,
564,n,Girlkind,걸카인드,,,125,0,0,0,0,female,n,0,0,2018,NULL,"{T"":""_girlkind""","F:""GirlkindProject""","I:""girlkind_nextlevel""}""",5549,1/16/2018,NULL,,0,none,0,0,0,,0,0,,,,,,,,,,,,
565,n,Girlkind JK,걸카인드JK,,,0,0,0,0,0,female,n,564,564,2019,NULL,,5552,3/21/2019,NULL,,0,none,0,0,0,,0,0,,,,,,,,,,,,,,
566,n,Pink Fantasy SHY,핑크판타지 샤이,,,0,0,0,0,0,female,n,524,524,2019,NULL,,5553,3/26/2019,NULL,,0,none,0,0,0,,0,0,,,,,,,,,,,,,,
567,n,1Team,원팀,,,210,0,0,0,0,male,n,0,0,2019,NULL,"{K"":""1Team""","I:""official_1team""","A:""1team\/1457813832""}""",0,3/27/2019,NULL,,0,none,17221,0,0,,0,0,,,,,,,,,,,,
568,n,Jiselle,지젤,,,321,0,0,0,0,female,y,0,0,2019,NULL,"{I"":""jjissselle""}""",5555,2/2/2019,12/29/2000,,0,none,0,0,0,,0,0,,,,,,,,,,,,,,
569,n,Vanner,밴너,,,220,0,0,0,0,male,n,0,0,2019,NULL,"{K"":""Vanner_(band)""}""",5556,2/14/2019,NULL,,0,none,1109,0,0,,0,0,,,,,,,,,,,,,,
570,n,Uk,정욱,Kim Jeong Uk,김정욱,60,0,0,0,0,male,y,2,0,2019,NULL,[],12959,2/15/2019,3/20/1993,,0,none,0,0,0,,0,0,,,,,,,,,,,,,,
571,n,TREI,트레이,,TRiNiTiOPUS,219,0,0,0,0,male,n,0,0,2017,2020,"{I"":""trei_official""","Y:""UC_z9ywLdCwAE3GWxbtWWrRQ""","S:""2olRUnJBxMWrHpShDSwYoe""}""",5559,2/19/2019,NULL,,0,none,0,0,0,,0,24200,,,,,,,,,,,,
572,n,Yukika,유키카,Teramoto Yukika,寺本 來可;ユキカ;KIKA,264,0,0,0,0,female,y,0,0,2019,NULL,"{K"":""Yukika_Teramoto""","I:""yugopa216""","Y:""UC5r1BpNtmr946VWTa2LRXlg""","V:""9FDBEB""","W:""www.yukika.kr""}""",5560,2/22/2019,2/16/1993,,0,none,16009,0,0,,0,63400,,,,,,,,,,
573,n,ANS,에이엔에스,,Angel N Soul,192,0,0,0,0,female,n,0,0,2019,NULL,"{I"":""official_ans_""","T:""ANS_official_""}""",5563,9/16/2019,NULL,ANSER,0,none,0,0,0,,0,0,,,,,,,,,,,,,
574,n,AleXa,알렉사,Alex Christine,알렉스 크리스틴,248,0,0,0,0,female,y,0,0,2019,NULL,"{Y"":""UCWWzmRMh6BPcEt46XlTyp1w""","I:""alexa_zbofficial""","A:""alexa\/1485318002""}""",5582,10/21/2019,12/9/1996,,0,none,0,0,0,,0,706000,,,,,,,,,,,,
575,n,Nichkhun,닉쿤,Nichkhun Buck Horvejkul,Nichkhun Buck Horvejkul,14,0,0,0,0,male,y,5,0,2008,NULL,"{K"":""Nichkhun""}""",5587,2/18/2019,6/24/1988,,0,none,0,0,0,,0,0,,,,,,,,,,,,,,
576,n,Kang Min Kyung,강민경,Kang Min-kyung,Kang Minkyung,163,0,0,0,0,female,y,53,0,2009,NULL,"{K"":""Kang_Min-kyung""}""",5590,2/27/2019,8/3/1990,,0,none,2062,10,0,,0,0,,,,,,,,,,,,,,
577,n,Hong Joo Chan,홍주찬,Hong Joo-chan,Hong Joochan,0,0,0,0,0,male,y,319,0,2019,NULL,,0,NULL,7/31/1999,,0,none,0,0,0,,0,0,,,,,,,,,,,,,,
578,n,Maddox,마독스,Kim Kyung Moon,김경문,56,0,0,0,0,male,y,0,0,2019,NULL,[],13474,4/3/2019,3/15/1995,,0,none,0,0,0,,0,0,,,,,,,,,,,,,,
579,n,Jung Dae Hyun,정대현,Jung Dae-hyun,Daehyun,323,0,0,0,0,male,y,22,22,2018,NULL,,5593,4/5/2019,6/28/1993,,0,none,9048,0,0,,0,0,,,,,,,,,,,,,,
580,n,Girl Crush,걸크러쉬,,,0,0,0,0,0,female,n,0,0,2019,NULL,,5596,4/8/2019,NULL,,0,none,0,0,0,,0,0,,,,,,,,,,,,,,
581,n,Youngjae,유영재,Yoo Young-jae,,355,0,0,0,0,male,y,22,0,2012,NULL,"{K"":""Yoo_Young-jae""","T:""BAP_Youngjae""","I:""yjaybaby""","Y:""UC0O6aYQjPZf0HRs9pwE9W3w""}""",5597,4/19/2019,1/24/1994,,0,none,84847,0,0,,0,47900,,,,,,,,,,,
582,n,ENOi,이엔오아이,,,185,0,0,0,0,male,n,0,0,2019,2021,"{I"":""enoi__official""","T:""ENOi_official""}""",5599,4/19/2019,NULL,,0,none,5779,0,0,,0,0,,,,,,,,,,,,,
583,n,Chanyeol,박찬열,Park Chan-yeol,,1,0,0,0,0,male,y,61,61,2016,NULL,"{K"":""Park_Chanyeol""}""",0,NULL,11/27/1992,,0,none,0,0,0,,0,0,,,,,,,,,,,,,,
584,n,Bae Jin-young,배진영,Bae Jin-young,,93,0,0,0,0,male,y,265,0,2019,NULL,"{K"":""Bae_Jin-young""}""",5601,4/26/2019,5/10/2000,,0,none,0,0,0,,0,0,,,,,,,,,,,,,,
585,n,Lim Jimin,임지민,Lim Ji-min,,0,0,0,0,0,male,y,0,1163,2019,NULL,"{I"":""ljm_official""}""",5607,5/12/2019,5/22/2001,,0,none,0,0,0,,0,0,,,,,,,,,,,,,,
586,n,Onewe,원위,,ワンウィ—; M.A.S 0094,44,0,0,0,0,male,n,0,0,2019,NULL,"{K"":""Onewe""","T:""official_ONEWE""","I:""official_onewe""","F:""officialonewe""","Y:""UCj-dtq6jHfj4_fufifPzMEQ""","V:""BD1843""","A:""onewe\/1437510372""}""",5608,NULL,NULL,WEVE,0,none,90325,0,0,,0,412000,,,,,,,,
587,n,Giant Pink,자이언트핑크,Park Yoon-ha,박윤하,1,0,0,0,0,female,y,0,0,2018,NULL,"{K"":""Giant_Pink""","I:""giantpink""}""",0,3/19/2018,4/23/1991,,0,none,0,0,0,,0,0,,,,,,,,,,,,,
588,n,Kiara,키아라,Baek Jin-ju,,327,0,0,0,0,female,y,0,0,2020,NULL,"{I"":""kiara_ez2nt""","Y:""UC14YzlaVNO_xSOut14n-pKg""}""",5620,1/18/2020,8/20/1998,,0,none,0,0,0,,0,5390,,,,,,,,,,,,,
589,n,Luri,루리,Lee Su-hyun,Lee Su-hyun,0,0,0,0,0,female,y,157,0,2019,NULL,"{K"":""Luri_(singer)""","I:""dlruru""}""",5624,11/15/2019,9/5/1996,,0,none,0,0,0,,0,0,,,,,,,,,,,,,
590,n,Sugarbowl,슈가볼,,,0,0,0,0,0,coed,y,0,0,2007,NULL,,0,12/3/2007,8/11/1982,,0,missing,0,1,0,,0,0,,,,,,,,,,,,,,
591,y,Chung ha + Paul Kim,청하 + 폴킴,,,0,312,406,0,0,coed,n,0,0,2020,NULL,,5636,1/21/2020,NULL,,0,none,0,6,0,,0,0,,,,,,,,,,,,,,
592,n,Siyeon,시연,Lee Si-yeon,Lee Si-yeon;이시연,11,0,0,0,0,female,y,56,56,2020,NULL,[],5651,1/29/2020,10/1/1995,,0,none,0,0,0,,0,0,,,,,,,,,,,,,,
593,n,cignature,시그니처,,,285,0,0,0,0,female,n,746,746,2020,NULL,"{Y"":""UCaRdmTJgO6w0esJPZUOzXrw""","F:""cignature.J9""","T:""cignature_j9""","V:""A57B37""}""",5675,2/4/2020,NULL,,0,none,10960,0,0,,0,91000,,,,,,,,,,,
594,n,DKB,다크비,,,21,0,0,0,0,male,n,0,0,2020,NULL,"{T"":""DKB_BRAVE""","I:""official.dkb""","F:""DKB.BRAVE""","V:""FB281""","W:""bravesound.com\/bbs\/content.php?co_id=dkb""","K:""DKB_(band)""","U:""DKBOFFICIAL""","S:""4DoedGw38ubJdAT1edFsIx""","D:""dkb""}""",5678,2/3/2020,NULL,BB,0,none,20063,0,0,,0,0,,,,,,
595,n,8Eight,에이트,,,37,0,0,0,0,coed,n,0,0,2007,NULL,"{K"":""8Eight""","A:""8eight\/362447135""}""",0,9/6/2007,NULL,Sweet Voice,3217,missing,4248,100,0,"{MMA"":1}""",1,0,,,,,,,,,,,,,
596,n,Voisper,보이스퍼,,,107,0,0,0,0,male,n,0,0,2014,NULL,"{K"":""Voisper""}""",0,2/23/2016,NULL,,0,none,0,0,0,,0,0,,,,,,,,,,,,,,
597,n,Gaeko,개코,Kim Yoon-sung,,244,0,0,0,0,male,y,384,0,2014,NULL,"{K"":""Gaeko""}""",5816,10/16/2014,1/14/1981,,0,none,3170,41,0,,0,0,,,,,,,,,,,,,,
598,n,Eunjung,함은정,Ham Eun-jung,Elsie; Eun jung; 은정,4,0,0,0,0,female,y,193,0,2015,NULL,"{K"":""Hahm_Eun-jung""}""",5820,5/9/2015,12/12/1988,,0,none,0,0,0,,0,0,,,,,,,,,,,,,,
599,n,WhiteDay,화이트데이,,,0,0,0,0,0,female,n,0,0,2019,NULL,"{I"":""whiteday.official""","T:""whiteday__""}""",5822,6/14/2019,NULL,,0,none,0,0,0,,0,0,,,,,,,,,,,,,
600,n,Purplebeck,퍼플백,,Purple Beck,141,0,0,0,0,female,n,0,0,2019,NULL,"{K"":""Purplebeck""","I:""purplebeck_official""","T:""PURPLEBECK1""}""",6311,6/24/2019,NULL,Beckies,0,none,1200,0,0,,0,0,,,,,,,,,,,,
601,n,Yechan,예찬,Kim Ye Chan,Kim Yechan;김예찬,136,0,0,0,0,female,y,524,0,2015,NULL,"{Y"":""UChlJDMnrZVHFr3_VUZJSEog""}""",0,NULL,11/26/1995,,0,none,0,0,0,,0,6200,,,,,,,,,,,,,,
602,n,B.O.Y,비오브유,,B.Of You;Kim Kook Heon + Song Yu Vin,196,0,0,0,0,male,n,0,0,2019,2021,"{I"":""official_bofyou""","V:""AD9A33""}""",7280,1/20/2020,NULL,,0,none,21293,0,0,,0,0,,,,,,,,,,,,,
603,n,Blady,블레이디,,,22,0,0,0,0,female,n,0,0,2011,2017,"{K"":""Blady""}""",0,5/16/2011,NULL,Hi Ade,0,none,653,0,0,,0,0,,,,,,,,,,,,,,
604,n,UNVS,유엔브이에스,,,207,0,0,0,0,male,n,0,0,2020,NULL,"{K"":""UNVS""}""",5874,2/23/2020,NULL,,0,none,0,0,0,,0,0,,,,,,,,,,,,,,
605,n,Gaho,가호,Kang Dae-ho,,271,0,0,0,0,male,y,925,0,2018,NULL,"{I"":""ad_gaho""","T:""gaho88882970""}""",5875,5/3/2018,9/14/1997,,0,none,0,73,3,,0,0,,,,,,,,,,,,,
606,n,Ovan,오반,Cho Kang-seok,Jo Kang-seok,301,0,0,0,0,male,y,0,0,2017,NULL,"{I"":""ovanjinjjada1997""","F:""ovanpaper""","C:""ovan6gam""}""",0,3/2/2017,12/2/1997,,0,none,0,137,0,,0,0,,,,,,,,,,,,
607,n,V,뷔,Kim Tae-hyung,Kim Tae-hyung; 김태형; V (BTS),41,0,0,0,0,male,y,40,40,2016,NULL,"{K"":""V_(singer)""}""",0,1/30/2019,12/30/1995,,0,none,0,20,0,,0,0,,,,,,,,,,,,,,
608,n,Zhou Mi,조미,Zhou Mi,周覓; Joomyuk,1,0,0,0,0,male,y,191,0,2014,NULL,"{K"":""Zhou_Mi_(singer)""}""",5938,10/31/2014,4/19/1986,,0,none,3524,0,0,,0,0,,,,,,,,,,,,,,
609,n,Toy,토이,You Hee-yeol,,300,0,0,0,0,male,y,0,0,1994,NULL,"{K"":""Toy_(South_Korean_band)""","W:""www.toymusic.co.kr\/main.html""}""",0,NULL,4/19/1971,,0,missing,44656,70,1,"{KMA"":2","MMA:1}""",3,0,,,,,,,,,,,,
610,n,Treasure,트레저,,,3,0,0,0,0,male,n,0,0,2020,NULL,"{I"":""yg_treasure_official""","T:""ygtreasuremaker""","F:""OfficialTreasure""","V:""B978B7""","D:""treasure""}""",6958,8/7/2020,NULL,,0,none,1697668,2,0,"{GDA"":1",MAMA:1,"SMA:1}""",3,0,,,,,,,,
611,n,Kim Feel,김필,Kim Feel,,169,0,0,0,0,male,y,0,0,2011,NULL,"{K"":""Kim_Feel""}""",0,8/30/2011,8/27/1986,,0,none,6688,89,0,,0,0,,,,,,,,,,,,,,
612,n,Suho,수호,Kim Jun Myeon,김준면,1,0,0,0,0,male,y,61,61,2020,NULL,[],5978,3/30/2020,5/22/1991,,0,none,290338,14,0,,0,0,,,,,,,,,,,,,,
613,n,Ha Hyun Woo,하현우,Ha Hyun-woo,Ha Hyunwoo; Ha Hyun-woo,315,0,0,0,0,male,y,933,933,2015,NULL,"{K"":""Ha_Hyun-woo""","W:""guckkasten.kr\/""","T:""@guckkasten_V""}""",5981,10/28/2018,11/25/1981,,0,none,7796,44,0,"{MMA"":1}""",1,0,,,,,,,,,,,,
614,n,Nick & Sammy,닉앤쌔미,,,0,0,0,0,0,male,n,0,0,2017,NULL,"{F"":""nickandsammy""","T:""nickandsammy""","I:""nickandsammy""","Y:""UCqD6zObhcztbiWazeJpPMsg""}""",0,NULL,NULL,,0,none,0,0,0,,0,16000,,,,,,,,,,,
615,n,TOO,티오오,,TOO; Ten Oriented Orchestra,245,0,0,0,0,male,n,0,0,2020,2021,"{I"":""to1_offcl""","T:""to1_offcl""","Y:""UCPnd5rMdGyhvsXjY9f8DVeg""","K:""To1""","F:""TO1offcl""","U:""TO1Official""","V:""B1A9B1""","A:""too\/1505788931""","D:""too""}""",6010,4/1/2020,NULL,TOGETHER,0,none,74000,0,0,,0,279000,,,,,,
616,n,CRAVITY,크래비티,,,5,0,0,0,0,male,n,0,0,2020,NULL,"{I"":""cravity_official""","V:""A34B7D""","F:""OfficialCRAVITY""","T:""CRAVITY_twt""","D:""CRAVITY""}""",6041,4/4/2020,NULL,,0,none,675296,0,0,,0,0,,,,,,,,,,
617,n,Yook Sung-jae,육성재,Yook Sung Jae,,6,0,0,0,0,male,y,38,0,2020,NULL,,6052,3/2/2020,5/2/1995,,0,none,26172,8,0,,0,0,,,,,,,,,,,,,,
619,n,HA:TFELT,핫펠트,Park Ye-eun,Yeeun,244,0,0,0,0,female,y,219,0,2012,NULL,"{K"":""Park_Ye-eun""","I:""hatfelt""","T:""hatfelt731""}""",6114,7/31/2014,5/26/1989,,0,none,4652,5,0,,0,0,,,,,,,,,,,,
620,n,Fanatics,파나틱스,,,135,0,0,0,0,female,n,0,0,2019,NULL,"{T"":""FENT_FANATICS""","I:""fent_fanatics""","F:""FENT.FANATICS""","Y:""UCKzf9jkeeVuyC9hg5qHtQtg""}""",6137,8/6/2019,NULL,,0,none,3431,0,0,,0,99400,,,,,,,,,,,
621,n,Natty,나띠,Ahnatchaya Suputhipong,,276,0,0,0,0,female,y,0,0,2020,NULL,,6148,5/7/2020,5/30/2002,,0,none,0,0,0,,0,0,,,,,,,,,,,,,,
623,n,Huta,이민혁,Lee Min-hyuk,Minhyuk,6,0,0,0,0,male,y,38,0,2019,NULL,"{K"":""Lee_Min-hyuk_(rapper""}""",6182,1/15/2019,11/29/1990,,0,none,37714,0,0,,0,0,,,,,,,,,,,,,,
624,n,Seo Eunkwang,서은광,Seo Eun-kwang,Eunkwang,6,0,0,0,0,male,y,38,0,2017,NULL,"{K"":""Seo_Eun-kwang""}""",10504,6/8/2020,11/22/1990,,0,none,30237,1,0,,0,0,,,,,,,,,,,,,,
625,n,Lee Changsub,이창섭,Lee Chang-sub,,6,0,0,0,0,male,y,38,0,2018,NULL,"{K"":""Lee_Chang-sub""}""",6186,12/11/2018,2/26/1991,,0,none,47433,3,0,,0,0,,,,,,,,,,,,,,
626,n,Lim Hyunsik,임현식,Lim Hyun-sik,Hyunsik; Im Hyun-sik,6,0,0,0,0,male,y,38,0,2017,NULL,"{K"":""Im_Hyun-sik_(singer)""}""",6190,10/14/2019,3/7/1992,,0,none,32737,1,0,,0,0,,,,,,,,,,,,,,
627,n,Peniel Shin,프니엘,Shin Dong Geun,,6,0,0,0,0,male,y,38,0,2017,NULL,"{K"":""Peniel_Shin""}""",0,6/27/2017,3/10/1993,,0,none,0,0,0,,0,0,,,,,,,,,,,,,,
629,n,Secret Number,시크릿넘버,,,206,0,0,0,0,female,n,0,0,2020,NULL,"{I"":""secretnumber.official""","T:""5ecretNumber""","D:""secret-number""}""",6219,5/19/2020,NULL,,0,none,14308,0,0,,0,0,,,,,,,,,,,,
630,n,woo!ah!,우아,,,208,0,0,0,0,female,n,0,0,2020,NULL,"{I"":""wooah_nv""","T:""wooah_nv""","V:""A16BB9""","F:""wooahofficial""}""",6222,5/15/2020,NULL,,0,none,19278,0,0,,0,0,,,,,,,,,,,
631,n,Ryu Su-jeong,류수정,Ryu Su-jeong,Ryu Sujeong,34,0,0,0,0,female,y,134,0,2020,NULL,"{I"":""iloveryu._""","K:""Ryu_Su-jeong""","A:""ryu-su-jeong\/994621581""","D:""sujeong-lovelyz""}""",6227,5/20/2020,11/19/1997,,0,none,12208,0,0,,0,0,,,,,,,,,,,
632,n,Phantom,팬텀,,,71,0,0,0,0,male,n,0,0,2011,2017,"{K"":""Phantom_(band)""}""",0,11/25/2011,NULL,,0,none,7194,28,0,,0,0,,,,,,,,,,,,,,
633,y,Stella Jang + Minhyuk,스텔라장 + 이민혁,,Stella Jang + Lee Minhyuk,0,317,760,0,0,coed,n,0,0,2020,NULL,,6240,5/18/2020,NULL,,0,none,0,0,0,,0,0,,,,,,,,,,,,,,
634,n,Kim Woo Seok,김우석,Kim Woo-seok,Kim Wooseok; Wooshin,61,0,0,0,0,male,y,213,0,2020,NULL,"{K"":""Kim_Woo-seok_(singer)""}""",6250,5/25/2020,10/27/1996,,0,none,204301,2,0,,0,0,,,,,,,,,,,,,,
635,n,Mido and Falasol,미도와 파라솔,,미도와+파라솔,0,0,0,0,0,coed,n,0,0,2020,NULL,,0,NULL,NULL,,0,none,0,55,0,,0,0,,,,,,,,,,,,,,
636,n,Jeon Mido,전미도,Jeon Mi-do,,0,0,0,0,0,female,y,635,0,2012,NULL,,0,NULL,8/4/1982,,0,none,0,47,2,,0,0,,,,,,,,,,,,,,
638,n,Park Bo Gum,박보검,Park Bo-gum,,349,0,0,0,0,male,y,0,0,2016,NULL,"{K"":""Park_Bo-gum""}""",10915,10/12/2018,6/6/1993,,0,none,5000,7,0,,0,0,,,,,,,,,,,,,,
639,n,Oh Seunghee,오승희,Oh Seung Hee,,6,0,0,0,0,female,y,45,0,2020,NULL,"{Y"":""UCz8AcyS6eJvTWNdPGx57pEQ""}""",0,NULL,10/10/1995,,0,none,0,0,0,,0,74000,,,,,,,,,,,,,,
640,n,D1CE,디원스,,,306,0,0,0,0,male,n,0,0,2019,NULL,"{T"":""officialD1CE""","I:""officiald1ce""","Y:""UC-oSDMufaaGNeQbNoLMU1ZQ""}""",6356,8/1/2019,NULL,Don1y,0,none,9171,0,0,,0,67500,,,,,,,,,,,,
641,n,TST,일급비밀,,Top Secret,83,0,0,0,0,male,n,0,0,2017,NULL,"{K"":""TST_(band)""}""",6387,1/4/2017,NULL,,0,none,6910,0,0,,0,0,,,,,,,,,,,,,,
642,n,Woodz,조승연,Cho Seungyoun,Luizy,79,0,0,0,0,male,y,212,0,2014,NULL,"{K"":""Cho_Seung-youn""}""",0,7/29/2016,8/5/1996,,0,none,382340,2,0,,0,0,,,,,,,,,,,,,,
643,n,Weeekly,위클리,,,194,0,0,0,0,female,n,0,0,2020,NULL,"{T"":""_Weeekly""","I:""_Weeekly""","F:""WeeeklyOfficial""","D:""weeekly""}""",6437,7/30/2020,NULL,,0,none,137015,0,0,"{MAMA"":1}""",1,0,,,,,,,,,,,
644,y,Tablo + TAEYANG,타블로 + 동영배,,,0,197,199,0,0,male,n,0,0,2014,NULL,,0,NULL,NULL,,0,none,0,0,0,,0,0,,,,,,,,,,,,,,
645,n,Ha Hyunsang,하현상,Ha Hyun-sang,,163,0,0,0,0,male,y,750,0,2018,NULL,"{I"":""phenomenon_h""}""",6578,2/20/2018,9/14/1998,,0,none,17240,0,0,,0,0,,,,,,,,,,,,,,
646,n,Lee Jinhyuk,이진혁,Lee Jin-hyuk,,61,0,0,0,0,male,y,213,0,2019,NULL,"{K"":""Lee_Jin-hyuk""}""",6730,11/4/2019,6/8/1996,,0,none,280378,1,0,,0,0,,,,,,,,,,,,,,
647,y,Baekhyun + Loco,변백현 + 로꼬,,,0,25,428,0,0,male,n,0,0,2018,NULL,,0,NULL,NULL,,0,none,0,0,0,,0,0,,,,,,,,,,,,,,
648,y,Loco + U Sungeun,로꼬 + 유성은,,,0,428,807,0,0,coed,n,0,0,2018,NULL,,0,NULL,NULL,,0,none,0,0,0,,0,0,,,,,,,,,,,,,,
649,y,Loco + Gray,로꼬 + 그레이,,,0,428,792,0,0,male,n,0,0,2018,NULL,,0,NULL,NULL,,0,none,0,0,0,,0,0,,,,,,,,,,,,,,
650,y,Cho Jung Seok + D.O.,조정석 + 디오,,,0,939,500,0,0,male,n,0,0,2016,NULL,,0,NULL,NULL,,0,none,0,0,0,,0,0,,,,,,,,,,,,,,
651,y,Lee Moonsae + Roy Kim,이문세 + 로이킴,,,0,791,430,0,0,male,n,0,0,2015,NULL,,7158,12/15/2015,NULL,,0,none,0,0,0,,0,0,,,,,,,,,,,,,,
652,y,Zico + Kang Daniel,지코 + 강다니엘,,,0,225,511,0,0,male,n,0,0,2020,NULL,,0,NULL,NULL,,0,none,0,0,0,,0,0,,,,,,,,,,,,,,
653,y,Mino + Zico,송민호 + 지코,,,0,379,225,0,0,male,n,0,0,2016,NULL,,0,NULL,NULL,,0,none,0,0,0,,0,0,,,,,,,,,,,,,,
654,n,Sam Kim,샘김,Kim Gun-ji,,300,0,0,0,0,male,y,0,0,2016,NULL,"{K"":""Sam_Kim""","T:""leegititssam""","I:""leegititssam""","F:""officialsamkim""","Y:""UCVZwtg0UzSN0PxiU92S6Q2A""","U:""SamKim_official""","A:""sam-kim\/833027253""}""",9699,4/10/2016,2/19/1998,,0,none,4082,38,0,,0,317000,,,,,,,,
655,y,Sam Kim + Loco,샘김 + 로꼬,,,0,654,428,0,0,male,n,0,0,NULL,NULL,,9056,1/24/2017,NULL,,0,none,0,0,0,,0,0,,,,,,,,,,,,,,
656,n,Red Velvet - I&S,레드벨벳-아이린&슬기,,아이린&슬기;레드벨벳-,1,0,0,0,0,female,n,165,165,2020,NULL,,6786,7/7/2020,NULL,,0,none,232498,13,0,,0,0,,,,,,,,,,,,,,
657,y,Eric Nam + Cheeze,에릭남 + 치즈,,,0,58,776,0,0,coed,n,0,0,2017,NULL,,6787,9/29/2017,NULL,,0,none,0,0,0,,0,0,,,,,,,,,,,,,,
658,y,Taeyeon + Jonghyun ☮,태연 + 종현,,Taeyeon + Jonghyun,0,200,109,0,0,coed,n,0,0,2014,NULL,,0,NULL,NULL,,0,none,0,0,0,,0,0,,,,,,,,,,,,,,
659,n,SSAK3,싹쓰리,,,406,0,0,0,0,coed,n,0,0,2020,2020,[],6891,7/25/2020,NULL,,0,none,0,62,5,,0,0,,,,,,,,,,,,,,
660,n,Han Seung Woo,한승우,Han Seung-woo,,194,0,0,0,0,male,y,315,0,2020,NULL,,7012,8/10/2020,12/24/1994,,0,none,154451,2,0,,0,0,,,,,,,,,,,,,,
661,n,Wonho,원호,Lee Ho Seok,Shin Ho Seok,284,0,0,0,0,male,y,143,0,2015,NULL,"{K"":""Wonho_(singer)""","T:""official_wonho""","I:""iwonhoyou""","F:""WonhoOfficial""","V:""A0FBC7""","A:""wonho\/1527284016""}""",7237,9/4/2020,3/1/1993,WENEE,0,none,396349,0,0,,0,0,,,,,,,,,
662,n,Lucy,루시,,,8,0,0,0,0,male,n,0,0,2019,NULL,"{T"":""BANDLUCY_mystic""","I:""band_lucy""","F:""BANDLUCY.mystic""","Y:""UCnXwXrQ8KIBoV8k1T3xGznw""","V:""A00BE5""","A:""lucy\/1470368134""","W:""mysticstory.net\/artist\/lucy""}""",7055,5/8/2020,NULL,,0,none,53763,1,0,,0,148000,,,,,,,,
663,n,Jung Jinhyeong,정진형,Jung Jin-hyeong,,0,0,0,0,0,male,y,0,0,2017,NULL,"{I"":""jay_thewhimsical""","A:""jung-jin-hyeong\/1265703386""}""",7061,7/31/2017,5/17/1997,,0,none,0,0,0,,0,0,,,,,,,,,,,,,
664,n,DONGKIZ,동키즈,,,215,0,0,0,0,male,n,0,0,2019,NULL,"{K"":""Dongkiz""","T:""dongkiz_dy""","I:""dongkiz_dy""","Y:""UCdKe_awfdHMV3O13pmA2heQ""","V:""BA08A5""","A:""dongkiz\/1486127083""","F:""dongkizofficial""}""",7074,4/24/2019,NULL,Dong-ari,0,none,5057,0,0,,0,165000,,,,,,,,
665,n,Demian,데미안,Song Jeong-hyeok,,269,0,0,0,0,male,y,0,0,2020,NULL,"{I"":""demian_isme""","F:""demian.isme""","Y:""UCF3QOJ3Q6lZqsxW909IxfLg""","A:""demian\/1503174369""}""",7145,3/11/2020,3/12/1994,,0,none,0,0,0,,0,193000,,,,,,,,,,,
666,n,Kim Yo Han,김요한,Kim Yo-han,,229,0,0,0,0,male,y,685,685,2020,NULL,"{K"":""Kim_Yo-han_(singer)""","I:""y_haa.n""}""",7150,8/25/2020,9/22/1999,,0,none,55194,0,0,,0,0,,,,,,,,,,,,,
667,n,Bigflo,빅플로,,,168,0,0,0,0,male,n,0,0,2014,NULL,"{K"":""Bigflo""}""",0,7/19/2014,NULL,,0,none,9276,0,0,,0,0,,,,,,,,,,,,,,
668,n,BLACK6IX,블랙식스,,,111,0,0,0,0,male,n,0,0,2017,2021,,7174,4/7/2017,NULL,,0,none,0,0,0,,0,0,,,,,,,,,,,,,,
669,n,HALO,헤일로,,,171,0,0,0,0,male,n,0,0,2014,2019,"{T"":""HALOOfficial_""","I:""officially_halo""","K:""HALO_(South_Korean_group)""","F:""OfficialHALO""","U:""HelloHALOofficial""","V:""EF71F7""","S:""295glUeBYb1uqpNrSeYs1d""}""",12942,7/26/2014,NULL,HALOVE,0,none,30160,0,0,,0,0,,,,,,,,
670,n,Seori,서리,,,278,0,0,0,0,female,y,0,0,2020,NULL,"{T"":""seori_official""","I:""iam_seori""","F:""Seori.Official""","Y:""UCLSH9fErJNb8lIiyCmwY3tA""","A:""seori\/id1074427704""","W:""seori.com\/""}""",7182,5/13/2020,11/18/1996,,0,none,0,0,0,,0,350000,,,,,,,,,
671,n,Lee Eun Sang,이은상,Lee Eun-sang,Lee Eunsang,122,0,0,0,0,male,y,522,0,2020,NULL,"{T"":""LES_BNM""","I:""2eunsang_official""","A:""lee-eun-sang\/1076225149""}""",7204,8/31/2020,10/26/2002,,0,none,40974,0,0,,0,0,,,,,,,,,,,,
672,n,Even of Day,데이식스 이븐오브데이,,,14,0,0,0,0,male,n,54,54,2020,NULL,"{A"":""day6-even-of-day\/1528946635""}""",7206,8/31/2020,NULL,,0,none,0,2,0,,0,0,,,,,,,,,,,,,,
673,n,DVWN,다운,Jung Da-woon,DA￦N,262,0,0,0,0,male,y,0,0,2018,NULL,"{I"":""around_dvwn""","A:""dvwn\/1444025283""","W:""www.kozofficial.com\/artist02-main.php""","C:""around_dawn94""","S:""6WWUJGBY4ETAE22tRmgJ8b""}""",7214,11/21/2018,2/24/1994,,0,none,0,0,0,,0,0,,,,,,,,,,
674,n,Lunarsolar,루나솔라,,,230,0,0,0,0,female,n,0,0,2020,NULL,"{I"":""lunarsolar.official""","T:""LUNARSOLAR_""","F:""LUNARSOLAR.official""","K:""Lunarsolar""","Y:""UCpgyyX7HCkbrRc0B-Z9FPoQ""","V:""9A7C97""","D:""lunarsolar""}""",0,9/2/2020,NULL,Haedal,0,none,3831,0,0,,0,1,,,,,,,,
675,n,Sandeul,산들,Lee Jung-hwan,Lee Jung-hwan; 이정환,28,0,0,0,0,male,y,23,0,2016,NULL,"{K"":""Sandeul""}""",7244,10/3/2016,3/20/1992,,0,none,25362,97,0,"{SMA"":1}""",1,0,,,,,,,,,,,,,,
676,n,Kim Nam Joo,김남주,Kim Nam-joo,Namjoo,194,0,0,0,0,female,y,18,18,2020,NULL,"{K"":""Kim_Nam-joo_(singer)""","I:""sarangdungy""","A:""kim-namjoo\/591698405""}""",7251,9/7/2020,4/15/1995,,0,none,9061,0,0,,0,0,,,,,,,,,,,,
677,n,Yooa,유아,Yoo Si-ah,Yoo Yeon-joo,28,0,0,0,0,female,y,152,0,2020,NULL,"{I"":""yoo__sha""","A:""yooa\/id774114896""}""",7253,9/7/2020,9/17/1995,,0,none,27021,8,0,,0,0,,,,,,,,,,,,,
678,n,Botopass,보토패스,,Born To Be Passion,217,0,0,0,0,female,n,0,0,2020,NULL,"{T"":""BOTOPASS""","I:""official_botopass""","F:""BOTOPASS.Official""","Y:""UC2ooQeVNljCwK5hJ6FRTeyg""}""",7287,8/26/2020,NULL,,0,none,0,0,0,,0,15800,,,,,,,,,,,
679,n,XUM,썸,,Xumething Unlimited Move,225,0,0,0,0,female,n,740,740,2020,2021,"{I"":""official_xum""}""",7351,9/22/2020,NULL,AWEXUM,0,none,0,0,0,,0,0,,,,,,,,,,,,,,
681,n,BDC,비디씨,,Boys Da Capo,0,0,0,0,0,male,n,0,0,2019,NULL,"{T"":""BDC_BNM""","I:""bdc.bnm""","F:""bdc.bnm""","Y:""UCtWoyyWCfwCrBdEb07dcrJA""","V:""9B4C7D""","A:""bdc\/1442144719""","W:""www.brandnewmusic.co.kr\/portfolio-item\/bdc\/""","K:""BDC_(group)""}""",7325,10/29/2019,NULL,,0,none,44864,0,0,,0,1,,,,,,,
682,n,H&D,이한결&남도현,,,0,0,0,0,0,male,n,709,709,2020,NULL,"{K"":""H&D""","V:""A6AB11""","A:""h-d\/1497848140""}""",7336,4/21/2020,NULL,,0,none,0,0,0,,0,0,,,,,,,,,,,,
683,n,Ghost9,고스트나인,,,82,0,0,0,0,male,n,0,0,2020,NULL,"{T"":""GHOST9OFFICIAL""","I:""official.ghost9""","Y:""UCwBsVtDcTVG4QCorkVNJ5Sg""","V:""9A9C93""","A:""ghost9\/1532844439""","D:""ghost9""}""",7349,9/23/2020,NULL,,0,none,51344,0,0,,0,216000,,,,,,,,,
684,n,Checkmate,체크메이트,,,231,0,0,0,0,coed,n,0,0,2020,2021,"{T"":""GRACEcheckmate""","I:""checkmate_official__""","F:""GRACECHECKMATE""","V:""999CB3""","A:""checkmate\/1532886112""}""",7359,9/21/2020,NULL,,0,none,0,0,0,,0,0,,,,,,,,,,
685,n,WEi,위아이,,,229,0,0,0,0,male,n,0,0,2020,NULL,"{T"":""WEi__Official""","I:""wei__official""","F:""WEi.Official.fb""","Y:""UC_sMGOWZ7FP7rsUAnQSM4HQ""","V:""9A2CA1""","A:""wei\/1533632173""}""",7398,10/5/2020,NULL,,0,none,223766,0,0,,0,557000,,,,,,,,,
686,n,WJSN Chocome,우주소녀 쪼꼬미,,Cosmic Girls Chocome,241,0,0,0,0,female,n,218,218,2020,NULL,"{A"":""wjsn-chocome\/1533632762""}""",7473,10/7/2020,NULL,,0,none,55193,0,0,,0,0,,,,,,,,,,,,,,
687,n,Hayeon,하연,Kim Ha-yeon,Kim HaYeon; 김하연,295,0,0,0,0,female,y,0,0,2020,NULL,"{I"":""officialhayeon""}""",7482,10/7/2020,8/31/1998,,0,none,0,0,0,,0,0,,,,,,,,,,,,,,
688,n,Refund Sisters,환불원정대,,,0,0,0,0,0,female,n,0,0,2020,NULL,"{K"":""Hangout_with_Yoo#Segments""}""",7803,10/28/2020,NULL,,0,none,0,24,2,,0,0,,,,,,,,,,,,,,
689,n,Lim Young Woong,임영웅,Lim Young-woong,,336,0,0,0,0,male,y,0,0,2016,NULL,"{I"":""im_hero____""","U:""mulgogimusiclable""","W:""www.mulgogimusic.com\/""}""",0,8/8/2016,6/16/1991,,0,none,0,306,2,"{GDA"":2",MMA:4,"SMA:5}""",11,0,,,,,,,,,,
690,n,Standing Egg,스탠딩 에그,,,0,0,0,0,0,coed,n,0,0,2010,NULL,"{T"":""standingegg""","I:""standingegg""","U:""standingegg""","W:""www.standingegg.com\/""","K:""Standing_Egg""","A:""standing-egg\/369145205""}""",7571,4/17/2010,NULL,,0,none,4267,133,1,"{MMA"":2}""",2,0,,,,,,,,,
691,n,Lee Suhyun,이수현,Lee Su-hyun,,3,0,0,0,0,female,y,14,0,2014,NULL,"{K"":""Lee_Su-hyun_(singer)""","I:""akmu_suhyun""","Y:""UCOiM8FuCUFJkuUjCmB14rgg""","A:""lee-suhyun\/1299101341""}""",7582,10/16/2020,5/4/1999,,0,none,0,12,0,,0,1590000,,,,,,,,,,,
692,n,Blackswan,블랙스완,,,51,0,0,0,0,female,n,244,244,2020,NULL,"{T"":""blackswan_drent""","I:""blackswan___official""","U:""raniaofficialchannel""","A:""blackswan\/1535414456""","K:""Blackswan""}""",7583,10/16/2020,NULL,,0,none,0,0,0,,0,0,,,,,,,,,,
693,n,T1419,티일사일구,,,237,0,0,0,0,male,n,0,0,2020,NULL,"{T"":""T1419_official""","I:""official_t1419""","F:""T1419-108039604406260""","K:""T1419""","Y:""UC2dshAPWPLAOdNKl_Aglmhw""","D:""t1419""}""",8533,1/11/2021,NULL,,0,none,67251,0,0,,0,171000,,,,,,,,,
694,n,Drippin,드리핀,,,34,0,0,0,0,male,n,0,0,2020,NULL,"{T"":""drippin""","I:""drippin_insta""","Y:""UCNf1JFLCOec-SUhREgZaR6w""","V:""AD7A37""","A:""drippin\/1536863500""}""",7743,10/26/2020,NULL,,0,none,162835,0,0,,0,1,,,,,,,,,,
695,n,P1Harmony,피원하모니,,,10,0,0,0,0,male,n,0,0,2020,NULL,"{K"":""P1Harmony""","T:""P1H_official""","I:""p1h_official""","F:""P1Harmony""","Y:""UCe-XzQhLaq4zS_mPXzuc_2Q""","V:""9AAC91""","A:""p1harmony\/1536862708""","W:""www.fncent.com\/P1Harmony\/""","D:""p1harmony""}""",7745,10/28/2020,NULL,P1ece,0,none,204358,0,0,,0,493000,,,,,,
696,n,Super Junior-K.R.Y.,슈퍼주니어-K.R.Y.,,,1,0,0,0,0,male,n,189,189,2006,NULL,"{A"":""super-junior-k-r-y\/432470129""}""",0,NULL,NULL,,0,none,0,0,0,,0,0,,,,,,,,,,,,,,
697,n,Prisma,프리스마,,,240,0,0,0,0,female,n,0,0,2020,NULL,"{I"":""prismalive""}""",7809,10/31/2020,NULL,,0,none,0,0,0,,0,0,,,,,,,,,,,,,,
698,n,BXK,비엑스케이,,BOYS X KING;KING OF BOYS,112,0,0,0,0,male,n,0,0,2020,NULL,"{T"":""BXK_official""","I:""bxk_official""","F:""bxkofficial""","V:""A51B43""","W:""npent.modoo.at""}""",7879,11/2/2020,NULL,,0,none,0,0,0,,0,0,,,,,,,,,,
699,n,Gwangil Jo,조광일,Jo Gwang-il,,314,0,0,0,0,male,y,0,0,2019,NULL,"{I"":""jogwangil_""","F:""Ssection96""","A:""gwangil-jo\/1472698734""}""",7887,10/29/2019,9/12/1996,,0,none,0,10,0,,0,0,,,,,,,,,,,,
700,n,"Car, the garden",카더가든,Cha Jung-won,Car The Garden,310,0,0,0,0,male,y,0,0,2013,NULL,"{I"":""carthegarden""","F:""Carthegarden""","V:""F1D1AB""}""",0,9/30/2013,10/23/1990,,0,none,799,21,0,,0,0,,,,,,,,,,,,
701,n,Bloo,블루,Kim Hyun-woong,김현웅,259,0,0,0,0,male,y,0,0,2017,NULL,"{W"":""mkitrain.com\/bloo""","K:""Bloo_(rapper)""}""",7917,6/20/2016,10/12/1994,,0,none,13059,46,2,,0,0,,,,,,,,,,,,,
702,n,V.O.S,브이오에스,,Voice of Soul,0,0,0,0,0,male,n,0,0,2004,NULL,"{K"":""V.O.S_(band)""","I:""vos_official0303""}""",0,NULL,NULL,,0,missing,1995,99,0,"{SMA"":1}""",1,0,,,,,,,,,,,,,
703,n,E'LAST,엘라스트,,,200,0,0,0,0,male,n,0,0,2020,NULL,"{T"":""ELASTofficial""","I:""elast_official""","F:""ELASTofficial""","Y:""UCb3jRPdjLnHGYThluJzI2kw""","V:""A0BBCF""","A:""elast\/1517571490""}""",7927,6/9/2020,NULL,,0,none,34763,0,0,,0,229000,,,,,,,,,
704,n,StayC,스테이씨,,,223,0,0,0,0,female,n,0,0,2020,NULL,"{T"":""STAYC_official""","I:""stayc_highup""","F:""STAYC-108443734355615""","Y:""UCod5V2dpnpJLklGvVOv5FcQ""","K:""StayC""","D:""stayc""}""",7933,11/12/2020,NULL,,0,none,537978,59,0,"{GDA"":2",MMA:1,"SMA:1}""",4,1,,,,,,,
705,n,Løren,로렌,Lee Seung-joo,이승주;Loren,277,0,0,0,0,male,y,0,0,2020,NULL,"{I"":""lorenisalone""","A:""l\u00f8ren\/1440217000""}""",7950,11/13/2020,1/10/1995,,0,none,0,0,0,,0,0,,,,,,,,,,,,,
706,n,BTOB 4U,비투비 포유,,,6,0,0,0,0,male,n,38,38,2020,NULL,"{A"":""btob-4u\/1539377530""}""",7970,11/16/2020,NULL,Melody,0,none,69083,1,0,,0,0,,,,,,,,,,,,,,
707,n,Aespa,에스파,,,1,0,0,0,0,female,n,0,0,2020,NULL,"{K"":""Aespa_(group)""","T:""Aespa_Official""","I:""aespa_official""","F:""aespa.official""","D:""aespa""","A:""aespa\/1540251304""}""",7976,11/17/2020,NULL,My,0,none,574445,92,0,"{KMA"":4",GDA:4,MMA:2,MAMA:2,"SMA:2}""",14,0,,,,,
708,n,Bling Bling,블링블링,,,222,0,0,0,0,female,n,0,0,2020,NULL,"{T"":""blingbling_new""","I:""blingbling_new""","F:""BlingBling.new""","Y:""UCAXFGTwb-sxKO9pJQ85jadQ""}""",7981,11/17/2020,NULL,,0,none,0,0,0,,0,1,,,,,,,,,,,
709,n,Bae173,비에이이173,,,233,0,0,0,0,male,n,0,0,2020,NULL,"{T"":""BAE173_official""","Y:""UCnWaEXXo6ertSbMtNsquD3g""}""",0,11/19/2020,NULL,,0,none,40182,0,0,,0,1,,,,,,,,,,,,,
710,n,Purple Kiss,퍼플키스,,Purple K!ss,44,0,0,0,0,female,n,0,0,2021,NULL,"{T"":""RBW_PURPLEKISS""","I:""purplekiss_official""","F:""Purple-Kiss-107594467703100""","Y:""UCor8nQnEdMs4eBcU-uVBQ8g""","V:""9C3C5F""","A:""purple-kiss\/205702352""","D:""purple-kiss""}""",10496,3/15/2021,NULL,,0,none,73909,0,0,,0,552000,,,,,,,,
711,n,Viini,비니,Kwon Hyun-bin,권현빈; Kwon Hyunbin,302,0,0,0,0,male,y,274,274,2019,NULL,"{T"":""VIINIHBofficial""","I:""komurola""","F:""VIINIKHBOfficial""","Y:""UCn7SKWc6R6f1Z7hz5CKAIcw""}""",8127,8/19/2019,3/4/1997,,0,none,7254,0,0,,0,142000,,,,,,,,,,,
712,n,Kai,카이,Kim Jong-in,김종인,1,0,0,0,0,male,y,61,61,2014,NULL,"{I"":""zkdlin""}""",8136,11/30/2020,1/14/1994,,0,none,624764,2,0,,0,0,,,,,,,,,,,,,,
713,n,Enhypen,엔하이픈,,,226,0,0,0,0,male,n,0,0,2020,NULL,"{K"":""Enhypen""","T:""ENHYPEN""","I:""enhypen""","F:""officialENHYPEN""","Y:""UCArLZtok93cO5R9RI4_Y5Jw""","V:""9A0CA5""","A:""enhypen\/1541011620""","D:""enhypen""","W:""beliftlab.com\/eng\/enhypen""","S:""5t5FqBwTcgKTaWmfEbwQY9""}""",8140,11/30/2020,NULL,ENGENE,0,none,3279158,0,0,"{GDA"":2",MAMA:1,"SMA:3}""",6,5820000,,,
714,n,NCT,엔시티,,NCT; NCT 2018;NCT 2020,1,0,0,0,0,male,n,0,0,2016,NULL,"{K"":""NCT_(band)""","W:""nct.smtown.com""","T:""nctsmtown_127""","F:""NCT.smtown""","I:""nct""","V:""F3C16D""}""",0,4/9/2016,NULL,NCTzen,0,none,5392756,0,0,"{GDA"":1}""",1,0,,,,,,,,,
715,n,Norazo,노라조,,,82,0,0,0,0,male,n,0,0,2005,NULL,"{K"":""Norazo""","F:""NorazoOfficial""","U:""NORAZOfanify""}""",0,NULL,NULL,,0,none,2760,13,0,,0,0,,,,,,,,,,,,
716,n,DPR Ian,디피알 이안,Yu Ba-rom,Rome; Christian Yu; 유바롬,270,0,0,0,0,male,y,543,0,2020,NULL,"{T"":""DPRIAN_""","I:""dprian""","A:""dpr-ian\/1500739803""}""",8279,10/26/2020,9/6/1990,,0,none,0,0,0,,0,0,,,,,,,,,,,,
717,n,KEEMBO,킴보,,,202,0,0,0,0,female,n,184,184,2020,NULL,"{T"":""keembo_j""","I:""keembo.jp""}""",8472,4/10/2020,NULL,,0,none,0,0,0,,0,0,,,,,,,,,,,,,
718,n,4Ten,포텐,,POTEN,26,0,0,0,0,female,n,0,0,2014,NULL,"{K"":""4Ten""","T:""4TEN_Official""}""",8374,8/26/2014,NULL,,0,none,672,0,0,,0,0,,,,,,,,,,,,,
719,n,ChoColat,쇼콜라,,,24,0,0,0,0,female,n,0,0,2011,2017,"{K"":""Chocolat_(group)""}""",8377,8/16/2011,NULL,Chocolatier,0,none,1047,6,0,,0,0,,,,,,,,,,,,,,
720,n,P.O.P,피오피,,POP; Puzzle Of POP,44,0,0,0,0,female,n,0,0,2017,NULL,"{K"":""P.O.P_(group)""}""",0,7/26/2017,NULL,,0,none,859,0,0,,0,0,,,,,,,,,,,,,,
721,n,Ariaz,아리아즈,,,190,0,0,0,0,female,n,0,0,2019,NULL,"{K"":""Ariaz""","I:""ARIAZ.official""","Y:""UCczq4fRpRvn--65MzYZEoWA""","A:""ariaz\/1119443397""}""",8380,10/23/2019,NULL,,0,none,0,0,0,,0,23600,,,,,,,,,,,
722,n,1NB,원앤비,,,0,0,0,0,0,female,n,0,0,2017,2018,"{I"":""official.1nb""","A:""1nb\/1324954503""}""",8382,11/29/2017,NULL,,0,none,0,0,0,,0,0,,,,,,,,,,,,,
723,n,Kiss&Cry,키스&크라이,,,0,0,0,0,0,female,n,0,0,2013,2014,,0,1/25/2014,NULL,,0,none,0,0,0,,0,0,,,,,,,,,,,,,,
724,y,Mad Clown + Kim Na Young,매드클라운 + 김나영,,,0,137,491,0,0,coed,n,0,0,NULL,NULL,,0,NULL,NULL,,0,none,0,0,0,,0,0,,,,,,,,,,,,,,
725,n,KHAN,칸,,,82,0,0,0,0,female,n,203,203,2018,2020,"{T"":""officialKHAN_""","I:""official.KHAN.ig""","F:""officialKHAN2018""","Y:""UC5eW3okTTLwiNSQli25vDag""}""",8413,5/23/2018,NULL,,0,none,0,0,0,,0,1,,,,,,,,,,,
726,n,Vince,빈스,Joe Rhee,죠리;Joe Rhee,277,0,0,0,0,male,y,0,0,2014,NULL,"{I"":""vincesince19xx""}""",0,2/11/2014,NULL,,0,none,0,0,0,,0,0,,,,,,,,,,,,,,
727,n,XRO,재로,,,0,0,0,0,0,male,n,0,0,2020,NULL,"{T"":""XRO_Official""","I:""xro.official""}""",8415,7/24/2020,NULL,,0,none,0,0,0,,0,0,,,,,,,,,,,,,
728,n,June,준,Lee Jun-sang,Hyun Jun; 주현준; 이준상,271,0,0,0,0,male,y,925,925,2018,NULL,"{W"":""official.stardust.co.jp\/june\/""}""",0,4/18/2018,2/27/1996,,0,none,0,0,0,,0,0,,,,,,,,,,,,,,
729,n,Thama,따마,Jo Jung-min,Jo Jung-min;조정민,244,0,0,0,0,male,y,0,0,2014,NULL,"{T"":""THAMA_Official""","I:""jungmintv""}""",0,NULL,4/22/1993,,0,none,0,0,0,"{KMA"":1}""",1,0,,,,,,,,,,,,,
730,n,DPR Live,디피알 라이브,Hong Da-bin,홍다빈,270,0,0,0,0,male,y,0,0,2017,NULL,,10216,3/15/2017,1/1/1993,,0,none,33236,1,0,,0,0,,,,,,,,,,,,,,
731,n,ONE,정제원,Jung Jae-won,Jung Jae-won,320,0,0,0,0,male,y,0,0,2015,NULL,,0,7/11/2017,3/29/1994,,0,none,9993,1,0,,0,0,,,,,,,,,,,,,,
732,n,pH-1,박준원,Park Jun-won,Park Jun-won,273,0,0,0,0,male,y,0,0,2017,NULL,,0,10/18/2017,7/23/1989,,0,none,8361,11,0,,0,0,,,,,,,,,,,,,,
733,n,Fanxy Child,팬시차일드,,,0,0,0,0,0,male,n,0,0,2019,NULL,,11251,8/9/2019,NULL,,0,none,0,0,0,,0,0,,,,,,,,,,,,,,
734,n,Jvcki Wai,재키와이,Hong Ye-eun,홍예은,0,0,0,0,0,female,y,0,0,2016,NULL,,0,11/6/2016,7/5/1996,,0,none,0,0,0,,0,0,,,,,,,,,,,,,,
735,n,Villain,빌런,Lee Da-Eun,Lee Da-Eun;이다은,271,0,0,0,0,male,y,0,0,2016,NULL,"{T"":""VILLAINZVDDY""","I:""heronamevillain""}""",0,12/8/2016,9/16/1997,,0,none,0,0,0,,0,0,,,,,,,,,,,,,
736,n,Junny,주니,Him Hyeong-jun,김형준,325,0,0,0,0,male,y,0,0,2017,NULL,"{I"":""jnkmsc""","Y:""UCGqdkBZv_n4dsUKSTsAbp3w""","S:""0lgENJQUkqkDbpsTYEayOr?si=HvclnurSSvW5BKZq4qeddw""}""",0,4/6/2017,4/6/1996,,0,none,0,0,0,,0,80200,,,,,,,,,,,,
737,n,Sik-K,식케이,Kwon Min Sik,Kwon Min-sik; 권민식,273,0,0,0,0,male,y,0,0,2016,NULL,"{K"":""Sik-K""","W:""h1ghrmusicofficial.com\/Sik-K""","T:""younghotyellow""","I:""younghotyellow94""","F:""younghotyellow""","C:""younghotyellow""","S:""5DIi2JWfQPTKffaVBlIYRn""}""",0,7/20/2016,2/26/1994,,0,none,6011,1,0,,0,0,,,,,,,,
738,n,MyB,마이비,,,82,0,0,0,0,female,n,0,0,2015,2016,"{K"":""MyB""}""",0,8/25/2015,NULL,,0,none,1057,0,0,,0,0,,,,,,,,,,,,,,
739,n,KyeongSeo,경서,Lee Kyoung-seo,,0,0,0,0,0,female,y,0,0,2020,NULL,,8467,11/14/2020,4/4/1999,,0,none,0,69,2,,0,0,,,,,,,,,,,,,,
740,n,NeonPunch,네온펀치,,Neon Punch,225,0,0,0,0,female,n,0,0,2018,2020,"{K"":""NeonPunch""","T:""NeonPunch5""","Y:""UCfB4aObQAVlTi_CG-vWQfkg""","U:""A100Entertainment""","A:""neonpunch\/1404186697""}""",8474,6/27/2018,NULL,,0,none,0,0,0,,0,49600,,,,,,,,,,
741,n,Berry Good Heart Heart,베리굿 하트하트,,BerryGood Heart Heart,0,0,0,0,0,female,n,229,229,2018,NULL,,0,4/27/2018,NULL,Very Berry,0,none,0,0,0,,0,0,,,,,,,,,,,,,,
742,n,BONUSBaby,보너스베이비,,Bonus Baby,82,0,0,0,0,female,n,738,738,2016,NULL,,0,1/1/2017,NULL,,0,none,0,0,0,,0,0,,,,,,,,,,,,,,
743,n,GeeGu,지구,,,234,0,0,0,0,female,n,0,0,2019,2020,,0,10/26/2017,NULL,,0,none,0,0,0,,0,0,,,,,,,,,,,,,,
744,n,FLORIA,플로리아,,,0,0,0,0,0,female,n,0,0,2020,NULL,,8509,8/11/2020,NULL,,0,none,0,0,0,,0,0,,,,,,,,,,,,,,
745,n,REDSQUARE,레드스퀘어,,Red Square,205,0,0,0,0,female,n,0,0,2020,NULL,,0,5/19/2020,NULL,,0,none,1170,0,0,,0,0,,,,,,,,,,,,,,
746,n,GOOD DAY,굿데이,,,93,0,0,0,0,female,n,0,0,2017,2019,,8512,8/30/2017,NULL,,0,none,1728,0,0,,0,0,,,,,,,,,,,,,,
747,n,WA$$UP,와썹,,Wassup,35,0,0,0,0,female,n,0,0,2013,2019,,0,8/7/2013,NULL,,0,none,638,0,0,,0,0,,,,,,,,,,,,,,
748,n,T-ara + Supernova,티아라 + 초신성,,,0,0,0,0,0,coed,n,193,193,NULL,NULL,,0,NULL,NULL,,0,none,0,0,0,,0,0,,,,,,,,,,,,,,
749,n,Super Junior-Happy,슈퍼주니어-해피,,,1,0,0,0,0,male,n,189,189,2008,NULL,"{K"":""Super_Junior-H""","A:""super-junior-happy\/453431607""}""",8546,6/2/2011,NULL,,0,none,0,0,0,,0,0,,,,,,,,,,,,,
750,n,Hoppipolla,호피폴라,,,0,0,0,0,0,male,n,0,0,2019,NULL,"{K"":""https:\/\/en.wikipedia.org\/wiki\/Hoppipolla_(band)""","T:""https:\/\/twitter.com\/band_hoppipolla""","I:""https:\/\/www.instagram.com\/band.hoppipolla\/""","F:""https:\/\/www.facebook.com\/BandHoppipolla\/""","Y:""UCZ2smfRvM18wtIfuV11kLaA""","V:""https:\/\/w""",8620,11/16/2019,NULL,,0,none,7102,0,0,,0,0,,,,,,,,,
751,y,JYPark + Rain,박진영 + 비,,,0,112,259,0,0,male,n,0,0,2020,NULL,,8347,12/31/2020,NULL,,0,none,0,0,0,,0,0,,,,,,,,,,,,,,
752,n,Jaehyun,재현,Jeong Jae-hyun,Jung Jae Hyun; Jung Yoon Oh; 정윤오,1,0,0,0,0,male,y,714,0,2017,NULL,,0,NULL,2/14/1997,,0,none,0,0,0,,0,0,,,,,,,,,,,,,,
753,n,SPICA.S,스피카.S,,,0,0,0,0,0,female,n,184,184,2014,2017,,0,NULL,NULL,,0,none,0,2,0,,0,0,,,,,,,,,,,,,,
754,y,T-ara + Davichi + SeeYa,티아라 + 다비치 + 씨야,,,0,193,53,343,0,female,n,0,0,NULL,NULL,,8716,5/7/2009,NULL,,0,none,0,0,0,,0,0,,,,,,,,,,,,,,
756,n,Super Five,다섯장,,,6,0,0,0,0,male,n,0,0,2020,NULL,"{A"":""super-five\/1527700077""","S:""38SpwrdX8Ks7qgaj4F8tSk""}""",9660,8/15/2020,NULL,Aurora,0,none,0,0,0,,0,0,,,,,,,,,,,,,
759,n,WANNA.B,워너비,,WannaB,114,0,0,0,0,female,n,0,0,2015,2019,,8774,11/17/2014,NULL,Ru.B,0,none,0,0,0,,0,0,,,,,,,,,,,,,,
760,n,Minhyuk,이민혁,Lee Min-hyuk,Lee Min-hyuk,281,0,0,0,0,male,y,0,0,NULL,NULL,"{Y"":""UC4X5vu9DuGUe4yqDtXKZKCw""}""",0,10/4/2016,7/21/1994,,0,none,0,0,0,,0,1,,,,,,,,,,,,,,
761,n,KIMNANO,김나노,Kim Jae Ho,Jaeho; Nano; 나노; KIM NANO,0,0,0,0,0,male,y,87,87,2013,NULL,"{T"":""92JH92""","I:""kim_nanoise""","Y:""UCMmoKiaM0cv8MTeJu1PXusg""","A:""nano\/1351368705""","S:""17ak7OIEuUgRx3xgcQTIYK""}""",8809,2/20/2018,9/17/1992,,0,none,0,0,0,,0,1430,,,,,,,,,,
762,n,Spectrum,스펙트럼,,,161,0,0,0,0,male,n,0,0,2018,2020,"{K"":""Spectrum_(group)""}""",9001,5/9/2018,NULL,,0,none,1023,0,0,,0,0,,,,,,,,,,,,,,
763,n,Dahye,다헤,Song Da-hye,,312,0,0,0,0,female,y,27,27,2020,NULL,,8815,10/10/2020,6/12/1993,,0,none,0,0,0,,0,0,,,,,,,,,,,,,,
764,n,CSVC,치스비치,,Cheeze + Stella Jang + Lovey + Park Moonchi,0,0,0,0,0,female,n,0,0,2019,NULL,"{I"":""csvc.official""","Y:""UC-IC9wmHHQiS8Zc89_gdbRw""}""",8830,8/6/2019,NULL,,0,none,0,0,0,,0,11400,,,,,,,,,,,,,
765,n,Rolling Quartz,롤링쿼츠,,,0,0,0,0,0,female,n,0,0,2020,NULL,,8835,12/30/2020,NULL,,0,none,0,0,0,,0,0,,,,,,,,,,,,,,
766,n,Precious,프레셔스,,,224,0,0,0,0,female,n,0,0,2020,NULL,,0,9/23/2020,NULL,,0,none,0,0,0,,0,0,,,,,,,,,,,,,,
767,n,2Eyes,투아이즈,,,154,0,0,0,0,female,n,0,0,2013,NULL,"{A"":""2eyes\/649242097""}""",0,7/20/2013,NULL,,0,none,0,1,0,,0,0,,,,,,,,,,,,,,
768,n,Noir,느와르,,,113,0,0,0,0,male,n,0,0,2018,NULL,"{K"":""Noir_(band)""","T:""Noir__official""","I:""noir_official__""","F:""Lukfactory.Noir""","Y:""UCJ1l2ADgcURHK6bbK5y8v8g""}""",9021,4/9/2018,NULL,,0,none,5106,0,0,,0,169000,,,,,,,,,,
769,n,TRCNG,티알씨엔지,,Teen Rising Champion in a New Generation,50,0,0,0,0,male,n,0,0,2017,NULL,"{T"":""TRCNG_official""","I:""trcng_official""","F:""officialTRCNG""","Y:""UC-LdZR5qHRTXB5KJqSL3PuQ""}""",9131,10/10/2017,NULL,,0,none,16792,0,0,,0,1,,,,,,,,,,,
770,n,Hong Eunki,홍은기,Hong Eun-ki,Eunki; 은기,317,0,0,0,0,male,y,272,272,2019,NULL,"{I"":""eun_doitz""}""",9024,7/19/2019,9/29/1997,,0,none,1311,0,0,,0,0,,,,,,,,,,,,,,
771,n,Youha,유하,Im You Ha,Im Soo Ah,266,0,0,0,0,female,y,0,0,2020,NULL,"{T"":""youha_official""","I:""u_youha""","Y:""UC7V_MLwiCk3ShugDV9oyskA""","A:""youha\/1529258192""}""",9033,9/29/2020,9/21/1999,,0,none,0,0,0,,0,54400,,,,,,,,,,,
772,n,Pink Fantasy MDD,핑크판타지 MDD,,,0,0,0,0,0,female,n,524,524,NULL,NULL,,0,NULL,NULL,,0,none,0,0,0,,0,0,,,,,,,,,,,,,,
773,n,Seulgi,슬기,Kang Seul-gi,Kang Seulgi; 강슬기,1,0,0,0,0,female,y,165,165,NULL,NULL,"{K"":""Seulgi_(singer)""","I:""hi_sseulgi""}""",0,NULL,2/10/1994,,0,none,0,0,0,,0,0,,,,,,,,,,,,,
774,n,SinB,신비,Hwang Eun Bi,Hwang Eunbi;황은비,437,0,0,0,0,female,y,76,1470,NULL,NULL,"{K"":""SinB""}""",0,NULL,6/3/1998,,0,none,0,0,0,,0,0,,,,,,,,,,,,,,
775,n,Yoo Young-jin,Yoo Young Jin,Yoo Young-jin,Yoo Young Jin,1,0,0,0,0,male,y,0,0,1993,NULL,"{K"":""Yoo_Young-jin""}""",0,9/1/1993,4/10/1971,,0,none,0,0,0,,0,0,,,,,,,,,,,,,,
776,n,Cheeze,치즈,Im Hye-kyung,Dalchong; 달총,260,0,0,0,0,female,y,764,0,2011,NULL,"{T"":""cheezeofficial""","I:""cheeze__official""","F:""cheezeofficial""","U:""cheezeofficial""}""",0,12/16/2011,8/19/1991,,0,none,1000,30,0,,0,0,,,,,,,,,,,
777,n,Yoo Jae-suk,유재석,Yoo Jae-suk,Liu Zaixi,10,0,0,0,0,male,y,0,0,2006,NULL,"{K"":""Yoo_Jae-suk""}""",0,NULL,8/14/1972,,0,none,0,12,0,,0,0,,,,,,,,,,,,,,
779,n,Geeks,긱스,,,279,0,0,0,0,male,n,0,0,2011,NULL,"{K"":""Geeks_(musical_duo)""","F:""GL.Geeks""}""",0,3/9/2011,NULL,,0,none,4688,93,0,,0,0,,,,,,,,,,,,,
780,n,Jooyoung,주영,Kim Joo-young,김주영,5,0,0,0,0,male,y,0,0,2010,NULL,"{K"":""Jooyoung""","I:""jooyoung""}""",0,12/7/2010,3/9/1991,,0,none,0,0,0,,0,0,,,,,,,,,,,,,
781,n,Bumkey,범키,Kwon Ki-beom,권기범,122,0,0,0,0,male,y,0,0,2013,NULL,"{K"":""Bumkey""}""",11223,6/3/2013,9/22/1984,,0,none,548,53,1,,0,0,,,,,,,,,,,,,,
782,n,Paloalto,팔로알토,Jeon Sang Hyun,Jeon Sang-hyun; 전상현,348,0,0,0,0,male,y,0,0,2002,NULL,"{K"":""Paloalto_(rapper)""","I:""paloaltongue""","F:""paloaltongue""}""",0,2/2/2004,1/24/1984,,0,none,0,7,0,"{KMA"":1}""",1,0,,,,,,,,,,,,
783,n,HIGH4,하이포,,,23,0,0,0,0,male,n,0,0,2014,2017,"{K"":""High4""}""",0,4/8/2014,NULL,,0,none,7482,0,0,,0,0,,,,,,,,,,,,,,
784,n,Yoon Hyun-sang,윤현상,Yoon Hyun-sang,,30,0,0,0,0,male,y,0,0,2012,NULL,"{K"":""Yoon_Hyun-sang""}""",0,10/31/2014,1/14/1994,,0,none,777,27,0,,0,0,,,,,,,,,,,,,,
785,y,Chen + Baekhyun + Xiumin,첸 + 변백현 + 시우민,,,0,41,25,502,0,male,n,0,0,NULL,NULL,,0,NULL,NULL,,0,none,0,0,0,,0,0,,,,,,,,,,,,,,
786,n,Yoon Min soo,윤민수,Yoon Min-soo,Yun Min-soo,222,0,0,0,0,male,y,423,0,1998,NULL,"{K"":""Yoon_Min-soo""}""",0,NULL,2/27/1980,,0,none,0,27,0,,0,0,,,,,,,,,,,,,,
787,n,Jang Hye Jin,장혜진,Jang Hye-jin,,36,0,0,0,0,female,y,0,0,1991,NULL,"{K"":""Jang_Hye-jin_(singer)""}""",0,9/1/1991,5/15/1965,,0,none,0,0,0,,0,0,,,,,,,,,,,,,,
788,n,Homme,옴므,,,41,0,0,0,0,male,n,0,0,2010,2018,"{K"":""Homme_(band)""}""",0,6/28/2010,NULL,,0,none,4800,32,2,,0,0,,,,,,,,,,,,,,
789,n,Choi Nakta,최낙타,Choi Nak-ta,,0,0,0,0,0,male,y,0,0,2013,NULL,"{T"":""choi_nakta""","I:""naksooni""","F:""Fchoinakta""}""",0,12/6/2013,2/9/1990,,0,none,0,0,0,,0,0,,,,,,,,,,,,
790,n,Jeong Jinwoon,정진운,Jeong Jin-woon,Jinwoon,8,0,0,0,0,male,y,3,3,2011,NULL,"{K"":""Jeong_Jinwoon""}""",0,8/1/2011,5/2/1991,,0,none,4164,4,0,,0,0,,,,,,,,,,,,,,
791,n,Lee Moonsae,이문세,Lee Moon-sae,,0,0,0,0,0,male,y,0,0,1978,NULL,"{K"":""Lee_Moon-sae""}""",0,7/20/1984,1/17/1959,,0,none,17271,14,0,,0,0,,,,,,,,,,,,,,
792,n,Gray,그레이,Lee Sung-hwa,Lee Seong-hwa; 이성화,255,0,0,0,0,male,y,0,0,2012,NULL,"{K"":""Gray_(singer)""}""",0,5/5/2012,12/8/1986,,0,none,4500,18,0,,0,0,,,,,,,,,,,,,,
793,y,Sik-K + pH-1 + Jay Park,식케이 + 박준원 + 박재범,,,0,737,732,388,0,male,n,0,0,NULL,NULL,,0,NULL,NULL,,0,none,0,0,0,,0,0,,,,,,,,,,,,,,
794,n,Min Kyung Hoon,민경훈,Min Kyung-hoon,,339,0,0,0,0,male,y,413,413,NULL,NULL,"{I"":""minkyunghoon.official""","A:""min-kyung-hoon\/356338751""","S:""7uv6GgFILw5jZxPnsGzER3""}""",0,12/4/2007,10/6/1984,,0,none,4828,38,0,,0,0,,,,,,,,,,,,
795,y,Kim Heechul + Min Kyung Hoon,김희철 + 민경훈,,,0,480,794,0,0,male,n,0,0,NULL,NULL,,0,NULL,NULL,,0,none,0,0,0,,0,0,,,,,,,,,,,,,,
796,y,Seventeen + Ailee,세븐틴 + 에일리,,,0,171,13,0,0,coed,n,0,0,NULL,NULL,,0,NULL,NULL,,0,none,0,0,0,,0,0,,,,,,,,,,,,,,
797,n,Raiden,레이든,2/6/1987,,1,0,0,0,0,male,y,0,0,2017,NULL,"{A"":""raiden\/78559383""}""",11689,1/13/2017,2/6/1987,,0,none,0,0,0,,0,0,,,,,,,,,,,,,,
798,y,Raiden + Chanyeol,레이든 + 박찬열,,,0,797,583,0,0,male,n,0,0,NULL,NULL,,0,NULL,NULL,,0,none,0,0,0,,0,0,,,,,,,,,,,,,,
800,n,Hani,하니,Ahn Hee-yeon,,361,0,0,0,0,female,y,60,60,2016,NULL,,0,NULL,5/1/1992,,0,none,0,0,0,,0,0,,,,,,,,,,,,,,
801,y,Luna + Hani + Solar,루나 + 하니 + 솔라,,,0,135,800,273,0,female,n,0,0,NULL,NULL,,0,NULL,NULL,,0,none,0,0,0,,0,0,,,,,,,,,,,,,,
802,n,Anda,안다,Won Min-ji,,302,0,0,0,0,female,y,0,0,2012,NULL,"{I"":""anda_kiss""","A:""""}""",0,4/20/2012,2/5/1991,,0,none,0,0,0,,0,0,,,,,,,,,,,,,
803,n,Primary,프라이머리,Choi Dong-hoon,,353,0,0,0,0,male,y,0,0,2006,NULL,,0,10/31/2012,1/31/1983,,0,none,28106,227,0,,0,0,,,,,,,,,,,,,,
804,y,Primary + Anda,프라이머리 + 안다,,,0,803,802,0,0,coed,n,0,0,NULL,NULL,,0,NULL,NULL,,0,none,0,0,0,,0,0,,,,,,,,,,,,,,
805,n,R.Tee,알티,Kim Jung-gu,,277,0,0,0,0,male,y,0,0,NULL,NULL,"{A"":""r-tee\/1454603190""}""",0,5/5/2014,2/10/1990,,0,none,0,0,0,,0,0,,,,,,,,,,,,,,
806,y,R.Tee + Anda,+ 안다,,,0,805,802,0,0,coed,n,0,0,NULL,NULL,,0,NULL,NULL,,0,none,0,0,0,,0,0,,,,,,,,,,,,,,
807,n,U Sungeun,유성은,Yoo Sung-eun,U Sung-eun,196,0,0,0,0,female,y,0,0,2013,NULL,"{K"":""U_Sung-eun""","I:""meteor_use""","Y:""UCS0YP04uXfvq672R4O2gxig""","U:""OfficialUSUNGEUN""}""",0,7/15/2013,4/26/1989,,0,none,0,42,0,,0,14300,,,,,,,,,,,
809,n,EU Erine,이유애린,Lee Hye-min,Euaerin; 이혜민; Eurine,0,0,0,0,0,female,y,9,0,2017,NULL,"{I"":""leehyemin0503""}""",0,NULL,5/3/1988,,0,none,0,0,0,,0,0,,,,,,,,,,,,,,
810,y,Moon Hyuna + Eurine,문현아 + 이유애린,,,0,145,809,0,0,female,n,0,0,NULL,NULL,,0,NULL,NULL,,0,none,0,0,0,,0,0,,,,,,,,,,,,,,
811,n,Brother Su,브라더수,Kim Hyung-soo,김형수,5,0,0,0,0,male,y,0,0,2010,NULL,"{K"":""Brother_Su""}""",0,2/10/2010,12/22/1990,,0,none,0,2,0,,0,0,,,,,,,,,,,,,,
812,n,Kihyun,기현,Yoo Ki-hyun,유기현,5,0,0,0,0,male,y,143,143,2014,NULL,"{K"":""Kihyun""}""",19313,3/15/2022,11/22/1993,,0,none,0,12,0,,0,0,,,,,,,,,,,,,,
813,n,Kwon Jungyeol,권정열,Kwon Jung-yeol,10cm,260,0,0,0,0,male,y,425,425,2010,NULL,"{K"":""10cm_(band)""}""",0,4/22/2010,3/1/1983,,0,none,0,0,0,,0,0,,,,,,,,,,,,,,
814,n,Lee Sang Soon,이상순,Lee Sang-soon,Yi Sang Sun,332,0,0,0,0,male,y,0,0,2011,NULL,"{T"":""leesangsoon""","F:""Leesangsoon""}""",0,NULL,8/25/1974,,0,none,0,3,0,,0,0,,,,,,,,,,,,,
815,n,Bobby,바비,Kim Ji-won,,3,0,0,0,0,male,y,95,95,2016,NULL,"{K"":""Bobby_(rapper)""","T:""bobbyranika""","I:""bobbyindaeyo""","A:""bobby\/1148163234""}""",9117,9/7/2016,12/21/1995,,0,none,93278,69,0,,0,0,,,,,,,,,,,
816,n,Lee Seung Chul,이승철,Lee Seung-chul,,307,0,0,0,0,male,y,0,0,1989,NULL,"{K"":""Lee_Seung-chul""","A:""lee-seung-chul\/377873411""}""",0,7/1/1989,12/5/1966,,0,none,73437,106,1,"{GDA"":2","SMA:1}""",3,0,,,,,,,,,,,,
817,y,Taeyeon + Lee Seung Chul,태연 + 이승철,,,0,200,816,0,0,coed,n,0,0,NULL,NULL,[],9146,11/5/2020,NULL,,0,none,0,0,0,,0,0,,,,,,,,,,,,,,
818,y,Paul Kim + Hynn,폴킴 + 박혜원,,,0,406,523,0,0,coed,n,0,0,NULL,NULL,,9133,11/5/2020,NULL,,0,none,0,0,0,,0,0,,,,,,,,,,,,,,
819,n,Ken,켄,Lee Jae-hwan,이재환,36,0,0,0,0,male,y,215,0,2016,NULL,"{K"":""Ken_(singer)""}""",0,5/20/2020,4/6/1992,,0,none,24209,3,0,,0,0,,,,,,,,,,,,,,
820,n,Hyuk,혁,Han Sang-hyuk,한상혁,36,0,0,0,0,male,y,215,0,2019,NULL,"{K"":""Hyuk_(singer)""}""",0,NULL,7/5/1995,,0,none,13257,0,0,,0,0,,,,,,,,,,,,,,
821,n,Jung Yong Hwa,정용화,Jung Yong-hwa,,10,0,0,0,0,male,y,46,0,2015,NULL,"{I"":""jyheffect0622""","W:""fncent.com\/jungyonghwa\/b\/introduce\/7670""","K:""Jung_Yong-hwa""","T:""JYHeffect""","A:""jung-yong-hwa\/469864783""}""",9197,1/20/2015,6/22/1989,,0,none,187468,46,2,"{GDA"":1}""",1,0,,,,,,,,,,
822,n,Sunwoojunga,선우정아,Sunwoo Jung-a,,260,0,0,0,0,female,y,0,0,2006,NULL,"{I"":""sunwoojunga_official""","Y:""UC1vXYaW1fjBrncwFoOqHaaQ""","U:""Sunwoojunga""","A:""sunwoojunga\/721478818""","K:""Sunwoo_Jung-a""}""",0,5/10/2006,5/11/1985,,0,none,0,2,0,"{KMA"":3}""",3,118000,,,,,,,,,,
823,y,Jung Yong Hwa + Sunwoojunga,정용화 + 선우정아,,Jung Yong Hwa + Sunwoojunga,0,821,822,0,0,coed,n,0,0,NULL,NULL,,0,NULL,NULL,,0,none,0,0,0,,0,0,,,,,,,,,,,,,,
824,n,ToppDogg,탑독,,,91,0,0,0,0,male,n,0,0,2013,NULL,"{K"":""Xeno-T""}""",15326,10/22/2013,NULL,,0,none,44905,0,0,,0,0,,,,,,,,,,,,,,
825,n,Xeno-T,제노티,,ToppDogg,91,0,0,0,0,male,n,824,824,2018,NULL,"{K"":""Xeno-T""}""",15338,5/30/2018,NULL,,0,none,0,0,0,,0,0,,,,,,,,,,,,,,
826,n,The East Light,더 이스트라이트,,,0,0,0,0,0,male,n,0,0,2016,NULL,"{K"":""The_East_Light""","T:""teltheeastlight""","F:""OfficialTheEastLight""","Y:""UCok2jqwu8TQ6W37bxVkSuBA""","V:""EB7277""","A:""theeastlight\/1336931823""}""",10657,11/3/2016,NULL,,0,none,7822,0,0,,0,217000,,,,,,,,,
827,n,Hashtag,해시태그,,,0,0,0,0,0,female,n,0,0,2017,NULL,,9455,10/11/2017,NULL,,0,none,1068,0,0,,0,0,,,,,,,,,,,,,,
828,n,Daybreak,데이브레이크,,,0,0,0,0,0,male,n,0,0,2007,NULL,,0,9/18/2007,NULL,,0,none,2397,2,0,"{SMA"":1}""",1,0,,,,,,,,,,,,,,
829,n,Purple,퍼플,,,0,0,0,0,0,female,n,827,827,2018,NULL,,9458,9/18/2018,NULL,,0,none,0,0,0,,0,0,,,,,,,,,,,,,,
830,y,Heize + Punch,헤이즈 + 펀치,,,0,231,433,0,0,female,n,0,0,NULL,NULL,,0,NULL,NULL,,0,none,0,7,0,,0,0,,,,,,,,,,,,,,
831,n,Cha Eunwoo,차은우,Lee Dong-min,,31,0,0,0,0,male,y,20,0,2018,NULL,"{K"":""Cha_Eun-woo""","I:""eunwo.o_c""}""",0,NULL,3/30/1997,,0,none,0,0,0,,0,0,,,,,,,,,,,,,
832,y,Yang Da-il + Wendy,양다일 + 손승완,,Yang Da-Il + Wendy,0,427,362,0,0,coed,n,0,0,NULL,NULL,,0,NULL,NULL,,0,none,0,0,0,,0,0,,,,,,,,,,,,,,
833,y,Yang Da-il + Hyolyn,양다일 + 효린,,Yang Da-Il + Hyolyn,0,427,88,0,0,coed,n,0,0,NULL,NULL,,0,NULL,NULL,,0,none,0,0,0,,0,0,,,,,,,,,,,,,,
835,n,Youngjoo Song,송영주,,Song Young Joo,0,0,0,0,0,female,y,0,0,NULL,NULL,,0,NULL,NULL,,0,none,0,0,0,,0,0,,,,,,,,,,,,,,
836,y,Suho + Youngjoo Song,수호 + 송영주,,,0,612,835,0,0,coed,n,0,0,NULL,NULL,,0,NULL,NULL,,0,none,0,0,0,,0,0,,,,,,,,,,,,,,
837,n,Blah Blah,블라블라,,,0,0,0,0,0,female,n,0,0,2017,2019,,9690,11/22/2017,NULL,,0,none,0,0,0,,0,0,,,,,,,,,,,,,,
838,n,Yoon Mirae,윤미래,Natasha Shanta Reid,Tasha Reid; T,253,0,0,0,0,female,y,0,0,1997,NULL,"{T"":""Yoonmirae""","A:""yoon-mi-rae\/326451219""","W:""www.yoonmirae.com\/main\/main.php""}""",0,9/10/2001,5/31/1981,,0,none,1877,135,3,"{KMA"":2","SMA:1}""",3,0,,,,,,,,,,,
839,y,Soyou + IZ*ONE,소유 + 아이즈원,,,0,178,337,0,0,female,n,0,0,NULL,NULL,,0,NULL,NULL,,0,none,0,0,0,,0,0,,,,,,,,,,,,,,
840,n,eaJ,제,Park Jae-hyung,Jae; Jae Park,14,0,0,0,0,male,y,54,54,2020,NULL,"{K"":""Jae_Park""","T:""jae_day6""","I:""eajpark""","Y:""UCrOUYIN9rbYaWFs68vAtaZA""","C:""eajpark""}""",0,NULL,9/15/1992,,0,none,0,0,0,,0,1230000,,,,,,,,,,
841,y,eaJ + Seori,제 + 서리,,,0,840,670,0,0,coed,n,0,0,NULL,NULL,,0,NULL,NULL,,0,none,0,0,0,,0,0,,,,,,,,,,,,,,
842,n,Tri.be,트라이비,,,235,0,0,0,0,female,n,0,0,2020,NULL,"{T"":""tribedaloca""","I:""tribedaloca""","F:""tribedaloca""","Y:""UCX_ISHyGPDm4esdEiubZZxQ""","V:""8C3E5F""","K:""Tri.be""","D:""tri-be""}""",9873,2/17/2021,NULL,,0,none,15604,0,0,,0,1,,,,,,,,
843,n,Kingdom,킹덤,,,234,0,0,0,0,male,n,0,0,2020,NULL,"{T"":""KINGDOM_GFent""","I:""kingdom_gfent""","F:""KINGDOMgfent""","U:""GFentertainmentGF""","V:""935D7B""","D:""kingdom""}""",9874,2/18/2021,NULL,Kingmakers,0,none,29925,0,0,,0,0,,,,,,,,,
844,n,I.M,아이엠,Im Chang-kyun,Im Changkyun; 임창균,5,0,0,0,0,male,y,143,143,2017,NULL,"{I"":""imnameim""","K:""I.M_(rapper)""}""",9881,2/19/2021,1/26/1996,,0,none,0,0,0,,0,0,,,,,,,,,,,,,
845,n,Kim Bo Hyung,김보형,Kim Bo-hyung,Kim Bohyung; Bohyung,202,0,0,0,0,female,y,717,0,2013,NULL,"{I"":""bohyungkim""}""",9898,10/18/2013,3/31/1989,,0,none,0,1,0,,0,0,,,,,,,,,,,,,,
846,n,Joohoney,주헌,Lee Joo-heon,Jooheon,5,0,0,0,0,male,y,143,143,2015,NULL,"{K"":""Joohoney""","A:""joohoney\/1287396375""}""",0,7/10/2015,10/6/1994,,0,none,0,0,0,,0,0,,,,,,,,,,,,,
847,n,A-REAL,에이리얼,,AREAL,232,0,0,0,0,female,n,0,0,2020,NULL,"{T"":""official_AREAL""","I:""areal_official""","F:""OfficialAreal""","V:""9AFC87""","A:""a-real\/1528486617""}""",0,8/21/2020,NULL,,0,none,0,0,0,,0,0,,,,,,,,,,
848,y,Joohoney + I.M,주헌 + 아이엠,,,0,846,844,0,0,male,n,0,0,NULL,NULL,,0,NULL,NULL,,0,none,0,0,0,,0,0,,,,,,,,,,,,,,
849,n,1iL,경일,Song Kyung-il,Kyungil,346,0,0,0,0,male,y,87,87,2013,NULL,"{T"":""_songkyungil""","I:""1ilgram""","Y:""UC69ZjHh_tjFUKUpYzr1_5Fw""","U:""SignatureSoundKR""","A:""1il\/1543218763""","S:""0aLwY7iJg9JPeLOX8Rf5iP""}""",9909,12/3/2020,11/28/1987,,0,none,0,0,0,,0,1750,,,,,,,,,
850,n,Sohyang,소향,Kim So-hyang,,0,0,0,0,0,female,y,0,0,1996,NULL,"{A"":""sohyang\/307488572""}""",0,NULL,5/5/1978,,0,none,0,22,0,,0,0,,,,,,,,,,,,,,
851,n,J.Don,이승협,Lee Seung-hyub,Lee Seunghyub,10,0,0,0,0,male,y,341,0,2021,NULL,"{K"":""Lee_Seung-hyub""","I:""sssn9_zzzn9""","A:""lee-seung-hyub-j-don\/1554787400""}""",9945,2/22/2021,10/31/1992,,0,none,45783,0,0,,0,0,,,,,,,,,,,,
852,n,Pixy,픽시,,,236,0,0,0,0,female,n,0,0,2020,NULL,"{T"":""official_pixy""","I:""pixy_official_""","Y:""UCZU6KD96JWS89jQLuu7FhPQ""","A:""pixy\/1554433492""}""",9994,2/24/2021,NULL,,0,none,6250,0,0,,0,153000,,,,,,,,,,,
853,n,Ato6,에이투식스,,,0,0,0,0,0,male,n,0,0,2020,NULL,"{A"":""ato6\/1555177495""}""",9996,2/24/2021,NULL,,0,none,0,0,0,,0,0,,,,,,,,,,,,,,
854,n,Irene,아이린,Bae Joo-hyun,배주현,1,0,0,0,0,female,y,165,165,2020,NULL,"{I"":""renebaebae""}""",0,NULL,3/29/1991,,0,none,0,0,0,,0,0,,,,,,,,,,,,,,
855,n,Kevin Oh,케빈오,Kevin Oh,,269,0,0,0,0,male,y,0,0,2016,NULL,"{K"":""Kevin_Oh""","I:""kevinoh_""","Y:""UCzJjiAVTB-no_HryixFi5Ow""","U:""KevinOh_Official""","A:""kevin-oh\/1045839213""}""",10025,1/20/2017,8/29/1990,,0,none,701,0,0,,0,52700,,,,,,,,,,
856,n,GSoul,지소울,Kim Ji-hyun,G.Soul; Golden; 김지현,273,0,0,0,0,male,y,0,0,2015,NULL,"{K"":""G.Soul""","T:""Gsoullove""","I:""g_theprince""","Y:""UCxOVTOG1zcuK32oXMeI1cmA""","U:""GSoulTV""","A:""gsoul\/959595948""}""",10044,1/19/2015,6/16/1988,,0,none,0,0,0,,0,1,,,,,,,,,
857,n,Ravi,라비,Kim Won Shik,Kim Won-sik,290,0,0,0,0,male,y,215,0,2017,NULL,"{I"":""ravithecrackkidz""}""",0,1/9/2017,2/15/1993,,0,none,63199,2,0,,0,0,,,,,,,,,,,,,,
858,n,Jang Wooyoung,장우영,Jang Woo-young,,14,0,0,0,0,male,y,5,0,2012,NULL,,10150,7/8/2012,4/30/1989,,0,none,14467,7,0,,0,0,,,,,,,,,,,,,,
859,n,Jinho,진호,Jo Jin-ho,,0,0,0,0,0,male,y,280,280,2010,NULL,"{K"":""Jinho""","T:""cube_ptg""","I:""jinhogwarts""","F:""pentagon.unitedcube""","Y:""UCw4NcAAtRsjL-cGlBrUnMTQ""","V:""F2C18D""","A:""pentagon\/1346387122""","W:""www.cubeent.co.kr\/pentagon""","S:""1wKpMkucynaTfG8lyPprYV""}""",0,NULL,4/17/1992,,0,none,0,0,0,,0,1660000,,,,,,
860,y,Jinho + Rothy,진호 + 로시,,,0,859,495,0,0,coed,n,0,0,NULL,NULL,,0,NULL,NULL,,0,none,0,0,0,,0,0,,,,,,,,,,,,,,
861,n,N.CUS,엔쿠스,,No. Competitors Under the Sky,216,0,0,0,0,male,n,0,0,2019,NULL,"{T"":""ncusofficial""","I:""n.cusofficial""","V:""A47B57""","Y:""UCRXc-k-id9f9sQF5UGfJqgA""","A:""n-cus\/1477930709""}""",0,8/27/2019,NULL,,0,none,0,0,0,,0,1,,,,,,,,,,
862,n,G-reyish,그레이시,,,396,0,0,0,0,female,n,0,0,2017,NULL,"{T"":""g_reyish_""","I:""g_reyish_""","F:""greyishgirl""","V:""DAC48D""","A:""g-reyish\/1386642220""}""",10202,6/7/2017,NULL,,0,none,0,0,0,,0,0,,,,,,,,,,
863,n,Uhm Junghwa,엄정화,Uhm Jung-hwa,Uhm Jung-hwa; Uhm Jeonghwa; Uhm Jeong-hwa; Man Ok,8,0,0,0,0,female,y,688,688,1993,NULL,[],0,NULL,8/17/1969,,0,none,746,11,0,"{SMA"":1}""",1,0,,,,,,,,,,,,,,
865,n,Teen Teen,틴틴,,,82,0,0,0,0,male,n,683,683,2019,NULL,"{T"":""TEENTEEN_staff""","A:""teen-teen\/1480337024""}""",0,NULL,NULL,,0,none,15870,0,0,,0,0,,,,,,,,,,,,,
866,n,Majors,메이져스,,,192,0,0,0,0,female,n,0,0,2021,NULL,"{T"":""MAJORS_official""","I:""official_majors_ansent""","F:""MAJORS.ansentofficial""","Y:""UC12H1i5LInya8V8sEpjY2Bw""}""",10351,3/9/2021,NULL,,0,none,0,0,0,,0,40000,,,,,,,,,,,
867,n,2Z,투지,,,195,0,0,0,0,male,n,0,0,2020,NULL,"{T"":""official2z""","I:""2zband_official""","F:""2zbandOfficial""","U:""UCZEAJDihVmamN158F3uVlNA""","A:""2z\/1494671902""}""",10355,1/14/2020,NULL,,0,none,0,0,0,,0,0,,,,,,,,,,
868,n,Coed School,남녀공학,,,0,0,0,0,0,coed,n,0,0,2010,2013,"{D"":""coed-school""}""",0,3/9/2021,NULL,,0,none,0,16,0,,0,0,,,,,,,,,,,,,,
869,n,Newkidd,뉴키드,,,183,0,0,0,0,male,n,0,0,2019,NULL,"{T"":""jflo_newkidd""","I:""jflo_newkidd""","Y:""UCwcComtoKBaQMNiqLGlan1g""","V:""BFB7EF""","A:""newkidd\/1319367633""","W:""www.jflo.kr\/newkidd.html""}""",0,4/25/2019,NULL,,0,none,5766,0,0,,0,165000,,,,,,,,,
870,n,Craxy,크랙시,,,197,0,0,0,0,female,n,0,0,2018,NULL,"{T"":""saitainment""","I:""craxy_official""","F:""CRAXY.OFFICIAL.PAGE""","Y:""UC-fowGyxbuwEMvmeLitbFPQ""","V:""A2EB89""","A:""craxy\/1499042664""}""",0,3/3/2020,NULL,Crown,0,none,0,0,0,,0,202000,,,,,,,,,
871,n,Doyoung,도영,Kim Dong-young,김동영,1,0,0,0,0,male,y,714,0,2018,NULL,,0,NULL,2/1/1996,,0,none,0,0,0,,0,0,,,,,,,,,,,,,,
872,n,Rosé,로제,Roseanne Park,Bak Chae-yeong; 박채영; Rose,3,0,0,0,0,female,y,31,31,2021,NULL,"{K"":""Ros\u00e9_(singer)""","I:""roses_are_rosie""","D:""rose-blackpink""}""",10436,3/12/2021,2/11/1997,,0,none,602088,38,0,"{MAMA"":1}""",1,0,,,,,,,,,,,,
873,n,Sojung,소정,9/3/1993,Lee Sojung; 이소정; Sojeong,32,0,0,0,0,female,y,126,0,2017,NULL,"{K"":""ee_So-jung_(singer)""","T:""LC__Sojung""","I:""sojung.lc""","Y:""UC-llI8ILWS9XxHZDcwkUMyg""","D:""lee-sojung-ladies-code""}""",10440,5/4/2017,NULL,,0,none,0,19,0,,0,30400,,,,,,,,,,
874,n,Kangta,강타,Ahn Chil-hyun,,1,0,0,0,0,male,y,934,0,2001,NULL,,10456,8/19/2001,10/10/1979,,0,none,3172,1,0,"{GDA"":2",MAMA:1,"SMA:1}""",4,0,,,,,,,,,,,,
875,n,Ciipher,싸이퍼,,,238,0,0,0,0,male,n,0,0,2021,NULL,"{T"":""rain_ciipher""","I:""ciipher_official""","F:""Ciipher.RAIN""","Y:""UCvvVS43k2vOjk7sR4a3xJWw""","V:""872F01""","K:""Ciipher""","D:""ciipher""}""",10499,3/15/2021,NULL,,0,none,41009,0,0,,0,1,,,,,,,,
876,n,Xydo,시도,Park Chi Woong,Park Chi Woong; 박치웅,290,0,0,0,0,male,y,0,0,2019,NULL,"{I"":""xydo_""}""",0,8/14/2019,1/29/1994,,0,none,0,0,0,,0,0,,,,,,,,,,,,,,
877,n,Mirae,미래소년,,,2,0,0,0,0,male,n,0,0,2021,NULL,"{T"":""official_MIRAE""","I:""official__mirae""","F:""officialMIRAE""","Y:""UC0QBW1zC_WKWe5dhenG1ZUA""","V:""A4DB4B""","A:""mirae\/1558816118""}""",10532,3/17/2021,NULL,,0,none,129681,0,0,,0,385000,,,,,,,,,
878,n,Hoody,후디,Kim Hyun-jung,,255,0,0,0,0,female,y,0,0,2013,NULL,"{I"":""hoodykim""","K:""Hoody_(singer)""","T:""hoodykim""","F:""HoodyKIM""","A:""hoody\/934991070""","W:""www.aomgofficial.com\/hoody""}""",0,9/24/2013,2/10/1990,,0,none,0,0,0,,0,0,,,,,,,,,
879,n,Simon Dominic,사이먼 도미닉,Jung Gi Seok,정기석; Simon D,255,0,0,0,0,male,y,0,0,2015,NULL,"{T"":""longlivesmdc""","I:""longlivesmdc""}""",0,10/7/2011,3/9/1984,,0,none,2705,30,0,,0,0,,,,,,,,,,,,,
880,n,Kei,김지연,Kim Ji-yeon,,34,0,0,0,0,female,y,134,0,2015,NULL,"{K"":""Kei_(singer)""}""",10587,10/8/2019,3/20/1995,,0,none,14480,3,0,,0,0,,,,,,,,,,,,,,
881,n,BabySoul,베이비소울,Lee Soo-jung,이수정,34,0,0,0,0,female,y,134,0,2011,NULL,"{D"":""babysoul-lovelyz""}""",10589,11/23/2011,7/6/1992,,0,none,0,2,0,,0,0,,,,,,,,,,,,,,
882,n,Jin,진,Park Myung-eun,박명은;Jin (Lovelyz),34,0,0,0,0,female,y,134,0,2013,NULL,"{I"":""myungnee_""","Y:""UCeMtAgl6CeWrxTxzKr5Hi2Q""}""",10591,11/8/2013,6/12/1996,,0,none,0,3,0,,0,1,,,,,,,,,,,,,
883,n,B.I,비아이,Kim Han-bin,김한빈,303,0,0,0,0,male,y,95,0,2021,NULL,"{K"":""B.I_(rapper)""","T:""shxx131bi131""","I:""shxxbi131""","Y:""UC-_-SGJ5Zkq-MtppuOJoNvw""","U:""131labelofficial""","A:""b-i\/1148166294""","S:""0UntV1Bw2hk3fbRrm9eMP6""}""",10601,3/19/2021,10/22/1996,,0,none,166540,13,0,,0,913000,,,,,,,,
884,n,Park Hyung-sik,박형식,Park Hyung Sik,,0,0,0,0,0,male,y,224,0,2017,NULL,"{I"":""phs1116""}""",0,NULL,11/16/1991,,0,none,0,1,0,,0,0,,,,,,,,,,,,,,
885,y,Ryu Su-jeong + BabySoul,류수정 + 베이비소울,,,0,631,881,0,0,female,n,0,0,NULL,NULL,,0,NULL,NULL,,0,none,0,0,0,,0,0,,,,,,,,,,,,,,
886,n,Si-wan Yim,임시완,Im Si-wan,Siwan; Im Woong-jae,0,0,0,0,0,male,y,224,0,2014,NULL,"{I"":""yim_siwang""}""",0,NULL,12/1/1988,,0,none,0,1,0,,0,0,,,,,,,,,,,,,,
887,y,Lovelyz + Golden Child,러블리즈 + 골든차일드,,,0,134,319,0,0,coed,n,0,0,NULL,NULL,,0,NULL,NULL,,0,none,0,0,0,,0,0,,,,,,,,,,,,,,
888,n,Sana,사나,Minatozaki Sana,サナ; 湊崎 紗夏; Minatozaki Sana;Han Seok-bong,14,0,0,0,0,female,y,208,208,2021,NULL,[],0,NULL,12/29/1996,,0,none,0,0,0,,0,0,,,,,,,,,,,,,,
889,n,Yoo Jiae,유지애,Yoo Ji-ae,Jiae; Yoo Ji Ae,34,0,0,0,0,female,y,134,0,2012,NULL,"{I"":""9.3.0521""","D:""jiae-lovelyz""}""",10675,4/24/2013,5/21/1993,,0,none,0,1,0,,0,0,,,,,,,,,,,,,
890,n,Celeb Five,셀럽파이브,,,0,0,0,0,0,female,n,0,0,2018,NULL,"{K"":""Celeb_Five""}""",15609,1/24/2018,NULL,,0,none,0,0,0,,0,0,,,,,,,,,,,,,,
891,n,Kang Ho Dong,강호동,Kang Ho-dong,,1,0,0,0,0,male,y,0,0,2005,NULL,"{K"":""Kang_Ho-dong""}""",0,2/18/2018,6/11/1970,,0,none,0,0,0,,0,0,,,,,,,,,,,,,,
892,y,Kang Ho-dong + Hong Jin Young,강호동 + 홍진영,,,0,891,285,0,0,coed,n,0,0,NULL,NULL,,0,NULL,NULL,,0,none,0,0,0,,0,0,,,,,,,,,,,,,,
893,n,GIDONGDAE,기동대,,,0,0,0,0,0,male,n,0,0,NULL,NULL,"{T"":""gidongdae""","I:""gidongdae""}""",0,NULL,NULL,,0,none,0,0,0,,0,0,,,,,,,,,,,,,
894,n,Sandara Park,다라,Park Sandara,Dara,3,0,0,0,0,female,y,4,4,2004,NULL,"{K"":""Sandara_Park""","T:""krungy21""","I:""daraxxi""}""",0,7/1/2004,11/12/1984,,0,none,0,0,0,,0,0,,,,,,,,,,,,
896,n,Eternity,이터니티,,,0,0,0,0,0,female,n,0,0,2021,NULL,,10683,3/22/2021,NULL,,0,none,0,0,0,,0,0,,,,,,,,,,,,,,
897,n,Cheetah,치타,Kim Eun-young,,93,0,0,0,0,female,y,0,0,2014,NULL,"{I"":""dhdldzlzl""}""",0,6/27/2014,5/25/1990,,0,none,0,13,0,,0,0,,,,,,,,,,,,,,
898,n,DJ Hanmin,디제이한민,,,0,0,0,0,0,male,y,0,0,2013,NULL,,0,NULL,9/25/1977,,0,none,0,0,0,,0,0,,,,,,,,,,,,,,
899,n,Hitchhiker,히치하이커,Choi Jin-woo,최진우,1,0,0,0,0,male,y,0,0,1996,NULL,,0,6/1/1996,4/6/1971,,0,none,0,0,0,,0,0,,,,,,,,,,,,,,
900,n,Sorn,손,Chonnasorn Sajakul,Chonnasorn Sajakul; ชลนสร สัจจกุล,6,0,0,0,0,female,y,45,0,2021,NULL,"{K"":""Sorn_(singer)""","Y:""UCOzB7NB3Tr98XVwC8bLm5oA""","D:""sorn-clc""}""",10762,3/23/2021,11/18/1996,,0,none,0,0,0,,0,756000,,,,,,,,,,,,
901,y,Hitchhiker + Taeyong,히치하이커 + 태용,,,0,899,504,0,0,male,n,0,0,NULL,NULL,,0,NULL,NULL,,0,none,0,0,0,,0,0,,,,,,,,,,,,,,
902,n,Pritz,프리츠,,,0,0,0,0,0,female,n,0,0,NULL,NULL,,0,NULL,NULL,,0,none,0,0,0,,0,0,,,,,,,,,,,,,,
903,n,I.C.E,아이스,,,152,0,0,0,0,female,n,0,0,NULL,NULL,,0,11/16/2015,NULL,,0,none,0,0,0,,0,0,,,,,,,,,,,,,,
904,n,Scarlet,스칼렛,,,0,0,0,0,0,female,n,0,0,NULL,NULL,,0,NULL,NULL,,0,none,0,0,0,,0,0,,,,,,,,,,,,,,
905,n,Badkiz,배드키즈,,,25,0,0,0,0,female,n,0,0,NULL,NULL,[],10813,3/24/2014,NULL,,0,none,0,2,0,,0,0,,,,,,,,,,,,,,
906,n,HotPlace,핫플레이스,,,0,0,0,0,0,female,n,905,905,NULL,NULL,[],0,2/15/2019,NULL,,0,none,0,0,0,,0,0,,,,,,,,,,,,,,
907,n,Bulldok,불독,,,100,0,0,0,0,female,n,0,0,2016,2018,,0,10/20/2016,NULL,Hotdok,0,none,0,0,0,,0,0,,,,,,,,,,,,,,
908,n,Kang Seung Yoon,강승윤,Kang Seung-yoon,Seungyoon; Yoon,3,0,0,0,0,male,y,217,217,2010,NULL,"{K"":""Kang_Seung-yoon""","T:""official_yoon_""","I:""w_n_r00""","U:""OfficialSEUNGYOON""","A:""kang-seung-yoon\/398344134""}""",0,7/16/2013,1/21/1994,,0,none,122202,44,1,,0,0,,,,,,,,,,
909,n,Nam Taehyun,남태현,Nam Tae-hyun,Taehyun,343,0,0,0,0,male,y,217,1065,2014,NULL,"{K"":""Nam_Tae-hyun""","I:""souththth""","Y:""UCKXKlCRRrZZ5xDjh9nXgKgQ""","A:""south-club\/1253971050""}""",0,NULL,5/10/1994,,0,none,7819,0,0,,0,6770,,,,,,,,,,,
910,n,Kwak Jin Eon,곽진언,Kwak Jin-eon,,256,0,0,0,0,male,y,0,0,2014,NULL,"{K"":""Kwak_Jin-eon""","I:""kwakjineon""","A:""kwak-jin-eon\/921468927""","V:""DBA471""","W:""www.musicfarm.co.kr\/kwakjineon""","Y:""UCLXdqjkDfQmhkBYStQNHElw""}""",10873,5/10/2016,10/23/1991,,0,none,4273,13,0,,0,1,,,,,,,,,
911,n,Lee Juck,이적,Lee Dong-joon,Lee Dongjoon,256,0,0,0,0,male,y,0,0,1999,NULL,"{K"":""Lee_Juck""","T:""jucklee""","I:""jucklee""","A:""lee-juck\/166744434""","F:""juckleepage""","W:""www.leejuck.com\/""}""",0,6/24/1999,2/28/1974,,0,none,21415,128,0,"{KMA"":4}""",4,0,,,,,,,,,
912,n,Jukjae,적재,Jung Jaewon,Jung Jay-won; 정재원,300,0,0,0,0,male,y,0,0,2014,NULL,"{K"":""jukjaeofficial""","I:""jungjukjae""","Y:""UCnLtKHf2cDTRgWYKDIoW0nw""","A:""jukjae\/1239707923""}""",10919,11/10/2014,1/26/1989,,0,none,2866,53,0,,0,78700,,,,,,,,,,,
913,n,H.U.B,에이치유비,,,112,0,0,0,0,female,n,0,0,2017,2019,"{T"":""HUB_official_""","I:""h.u.b_official""","F:""jongseohub""","V:""E3337F""","A:""h-u-b\/1441722640""}""",0,2/9/2017,NULL,,0,none,0,0,0,,0,0,,,,,,,,,,
914,n,Yun Ddan Ddan,윤딴딴,Yoon Jong Hoon,,263,0,0,0,0,male,y,0,0,2014,NULL,"{I"":""yun_ddanddan""","F:""yoYDD""","Y:""UChnbG-BYQKXrOBb-83KO-UQ""","A:""yun-ddan-ddan\/903775302""","T:""official_ddan""}""",0,2/1/2014,NULL,,0,none,0,2,0,,0,56400,,,,,,,,,,
915,n,Limitless,리미트리스,,,186,0,0,0,0,male,n,0,0,2019,NULL,"{T"":""official_LMTLS""","I:""official_lmtls""","Y:""UCW4EtElA2X36vaMrdtA2VtA""","A:""limitless\/1472163464""}""",11009,7/9/2019,NULL,,0,none,0,0,0,,0,8330,,,,,,,,,,,
916,n,NTX,엔티엑스,,,0,0,0,0,0,male,n,0,0,2021,NULL,"{T"":""NTX_Victory""","I:""ntx_victory""","Y:""UCX54t2bVWYxV-txSJIorQPA""","A:""ntx\/id202471902""}""",11086,3/30/2021,NULL,,0,none,0,0,0,,0,21000,,,,,,,,,,,
917,n,ASome.D,에이썸디,,エイサムディー,0,0,0,0,0,female,n,0,0,2020,NULL,"{T"":""d_asome""","I:""asome.d_official""","A:""asome-d\/1536356827""}""",11088,10/21/2020,NULL,,0,none,0,0,0,,0,0,,,,,,,,,,,,
918,n,AiRiSu,아이리수,,,0,0,0,0,0,female,n,0,0,2018,NULL,"{I"":""airisu_official""","Y:""UCHI9Q6BvNjgKqK3pe-HHBxw""}""",0,7/25/2018,NULL,,0,none,0,0,0,,0,1,,,,,,,,,,,,,
919,n,MAP6,맵식스,,,13,0,0,0,0,male,n,0,0,2015,NULL,"{K"":""MAP6_(band)""","T:""officialmap6""","I:""officialmap6""","F:""officialmap6""","V:""F30185""","A:""map6\/1057461035""}""",11511,11/10/2015,NULL,Mapsi,0,none,2167,0,0,,0,0,,,,,,,,,
920,n,Blitzers,블리처스,,,0,0,0,0,0,male,n,0,0,2021,NULL,"{T"":""WUZO_BLITZERS""","I:""official_blitzers""","Y:""UC5aJQH0Q8HSOaCRXGy0YCwQ""","A:""blitzers\/1565890169""","S:""3Exoh42YMeqnUvYahAGgUE""}""",13137,5/12/2021,NULL,,0,none,57884,0,0,,0,118000,,,,,,,,,,
921,n,Hoshi,호시,Kwon Soon-young,,9,0,0,0,0,male,y,171,171,2015,NULL,"{A"":""hoshi\/1381267568""","D:""hoshi-seventeen""}""",0,NULL,6/15/1996,,0,none,0,0,0,,0,0,,,,,,,,,,,,,
922,y,Yesung + Bumkey,예성 + 범키,,,0,220,781,0,0,male,n,0,0,NULL,NULL,,0,NULL,NULL,,0,none,0,0,0,,0,0,,,,,,,,,,,,,,
923,n,Sehun,세훈,Oh Se-hun,,1,0,0,0,0,male,y,61,0,2018,NULL,"{K"":""Oh_Se-hun""","I:""oohsehun""","A:""sehun\/1436033819""}""",0,NULL,4/12/1994,,0,none,0,0,0,,0,0,,,,,,,,,,,,
924,y,Chanyeol + Sehun,박찬열 + 세훈,,,0,583,923,0,0,male,n,0,0,NULL,NULL,,0,NULL,NULL,,0,none,0,0,0,,0,0,,,,,,,,,,,,,,
925,n,PLT,플라네타리움 레코드,,,0,0,0,0,0,male,n,0,0,2018,NULL,,0,NULL,NULL,,0,none,0,0,0,,0,0,,,,,,,,,,,,,,
926,n,Ha Dong Qn,하동균,Ha Dong-kyun,,0,0,0,0,0,male,y,0,0,2006,NULL,,0,6/27/2006,6/28/1980,,0,none,3710,16,0,,0,0,,,,,,,,,,,,,,
927,y,GB9 + Ha Dong Qn,길구봉구 + 하동균,,,0,437,926,0,0,male,n,0,0,NULL,NULL,,0,NULL,NULL,,0,none,0,0,0,,0,0,,,,,,,,,,,,,,
928,n,Shannon Williams,샤넌,Kim Ah-reum,Shannon; 김아름,0,0,0,0,0,female,y,868,0,2012,NULL,,0,12/1/2014,5/26/1998,,0,none,794,5,0,,0,0,,,,,,,,,,,,,,
929,n,Gunji,건지,,,0,0,0,0,0,female,y,360,0,2012,NULL,"{I"":""GUN_DIII""","A:""gunji\/285806982""}""",0,NULL,NULL,,0,none,0,0,0,,0,0,,,,,,,,,,,,,
930,y,T-ara + Shannon Williams + Gunji,티아라 + 샤넌 + 건지,,,0,193,928,929,0,female,n,0,0,NULL,NULL,,0,NULL,NULL,,0,none,0,0,0,,0,0,,,,,,,,,,,,,,
931,n,Jung Joon Il,정준일,Jung Joon Il,Jung Joon-il; Joonil Jung,0,0,0,0,0,male,y,0,0,2004,NULL,"{T"":""jooniljung""","I:""loveidococococo""","A:""jung-joonil\/489742312""","W:""blog.naver.com\/PostList.nhn?blogId""","Y:""UCK6NvK8fHhdaSa4XF4SPuSQ""","U:""JOONILJUNG""}""",0,NULL,8/16/1983,,0,none,10392,77,0,,0,9430,,,,,,,,,
932,n,Baby Vox,베이비복스,,,0,0,0,0,0,female,n,0,0,1997,NULL,"{K"":""Baby_Vox""","A:""baby-v-o-x\/1386666947""}""",0,7/10/1997,NULL,,0,none,0,0,0,"{SMA"":4}""",4,0,,,,,,,,,,,,,
933,n,Guckkasten,국카스텐,,The C.O.M.,315,0,0,0,0,male,n,0,0,2002,NULL,"{K"":""Guckkasten""","Y:""UC1UWhd_JMdh8zrLvjtXgjhQ""","A:""guckkasten\/312828830""","W:""guckkasten.kr\/""","T:""Guckkastens""","I:""guckkasten_official""","S:""71kRpwy6xTeG2OXXkRJdkA""}""",11452,12/29/2008,NULL,,0,none,25898,10,0,"{KMA"":1}""",1,34700,,,,,,,,
934,n,H.O.T,에이치오티,,hot,0,0,0,0,0,male,n,0,0,1996,2001,[],17420,9/7/1996,NULL,White Angels,0,none,0,4,0,,0,0,,,,,,,,,,,,,,
935,n,Fin.K.L,핑클,,,0,0,0,0,0,female,n,0,0,1998,2005,,0,5/25/1998,NULL,Finky,0,none,1500,1,0,"{SMA"":1}""",1,0,,,,,,,,,,,,,,
936,n,The SeeYa,더 씨야,,,4,0,0,0,0,female,n,343,343,2012,2015,,0,11/12/2012,NULL,,0,none,1360,14,0,,0,0,,,,,,,,,,,,,,
937,n,MYTEEN,마이틴,,Make Your Teenager,196,0,0,0,0,male,n,0,0,2017,2019,"{K"":""Myteen""}""",0,7/26/2017,NULL,,0,none,8035,0,0,,0,0,,,,,,,,,,,,,,
938,n,Yu Seung Woo,유승우,Yoo Seung-woo,,5,0,0,0,0,male,y,0,0,2012,NULL,"{K"":""Yoo_Seung-woo""","T:""seungu97""","I:""yuseungw00""","F:""OfficialYUSEUNGWOO""","Y:""UCWzi0TyCVo8YDUes1GuJtsA""","A:""yu-seung-woo\/693051617""","W:""starship-ent.com\/profile\/musician\/yuseungwoo.php""}""",11555,5/8/2013,2/26/1997,,0,none,7101,59,0,,0,14500,,,,,,,,
939,n,Cho Jung Seok,조정석,Jo Jung-suk,,0,0,0,0,0,male,y,0,0,2006,NULL,"{K"":""Jo_Jung-suk""}""",0,NULL,12/26/1980,,0,none,0,121,3,,0,0,,,,,,,,,,,,,,
940,n,Code Kunst,코드 쿤스트,Jo Sung-woo,,255,0,0,0,0,male,y,0,0,2013,NULL,"{K"":""Code_Kunst""","T:""code_kunst""","I:""code_kunst""","F:""codekunstman""","Y:""UCb-cqo9WI3w211goISM_1fg""","A:""code-kunst\/808626855""","W:""www.aomgofficial.com\/codekunst""}""",0,6/28/2013,12/18/1989,,0,none,8561,0,0,,0,693,,,,,,,,
941,n,Beenzino,빈지노,Lim Sung-bin,,258,0,0,0,0,male,y,0,0,2009,NULL,"{K"":""Beenzino""","T:""isshoman""","I:""realisshoman""","F:""isshoman""","Y:""UCl-tyxErWS-1ElS8UM8jryQ""","A:""beenzino\/331767820""}""",0,6/5/2011,9/12/1987,,0,none,14655,75,1,,0,189000,,,,,,,,,
942,n,Parc Jae Jung,박재정,Park Jae-jung,,301,0,0,0,0,male,y,0,0,2013,NULL,"{K"":""Parc_Jae-jung""","T:""parcjaejung""","I:""parcjaejung""","F:""parcjaejungmusic""","Y:""UCpld-ZyiRwrT_9gj0sPHKqQ""","A:""parc-jae-jung\/721459376""}""",0,11/20/2013,12/25/1995,,0,none,1391,6,0,,0,2200,,,,,,,,,
943,n,Cho Yong-pil,조용필,Cho Yong-pil,,266,0,0,0,0,male,y,0,0,1968,NULL,,0,NULL,3/21/1950,,2000000,some,2263137,40,0,"{KMA"":2",GDA:1,MMA:1,MAMA:1,"SMA:2}""",7,0,,,,,,,,,,
944,n,Baechigi,배치기,,BaeChiGi,163,0,0,0,0,male,n,0,0,2005,NULL,"{K"":""Baechigi""}""",0,2/17/2005,NULL,,46000,some,46460,102,2,"{GDA"":1","MMA:1}""",2,0,,,,,,,,,,,,,
945,n,A.KOR,에이코어,,,296,0,0,0,0,female,n,0,0,2014,2017,,0,7/25/2014,NULL,,0,none,762,0,0,,0,0,,,,,,,,,,,,,,
946,n,IU + Lim Seul-ong,"아이유 (IU), 슬옹 (2AM)",,아이유 (IU) + 슬옹 (2AM),119,0,0,0,0,coed,n,0,0,2011,2011,,0,11/27/2011,NULL,,0,none,0,19,3,,0,0,,,,,,,,,,,,,,
947,n,Hyun Bin,현빈,Kim Tae-pyung,,0,0,0,0,0,male,y,0,0,2003,NULL,"{K"":""Hyun_Bin""}""",0,NULL,9/25/1982,,0,none,0,17,1,,0,0,,,,,,,,,,,,,,
948,y,Soyou + Mad Clown,소유 + 매드클라운,,,0,178,137,0,0,coed,n,0,0,NULL,NULL,,0,NULL,NULL,,0,none,0,0,0,,0,0,,,,,,,,,,,,,,
949,n,Colde,콜드,Kim Hee-soo,,311,0,0,0,0,male,y,0,0,2016,NULL,"{K"":""Colde""","T:""wavycolde""","I:""wavycolde""","F:""WavyColde""","Y:""UCZFpMuxoquMkvyWkBNFHMwQ""","U:""\ucf5c\ub4dcColde""","A:""colde\/1210027731""}""",0,8/15/2015,5/10/1994,,0,none,3035,0,0,,0,100000,,,,,,,,
950,n,LIMESODA,라임소다,,,297,0,0,0,0,female,n,0,0,2017,2020,"{T"":""limesoda_2017""","I:""official_limesoda""","Y:""UC03EK-BxkDP6MOtJHtsYl7Q""}""",0,7/12/2017,NULL,,0,none,0,0,0,,0,9270,,,,,,,,,,,,
951,n,KCM,케이씨엠,Kang Chang-mo,강창모,331,0,0,0,0,male,y,0,0,2003,NULL,"{K"":""KCM_(singer)""}""",0,NULL,1/26/1982,,0,none,4922,42,0,,0,0,,,,,,,,,,,,,,
952,n,M to M,엠투엠,,Mind to Music,298,0,0,0,0,male,n,0,0,2004,2013,,0,3/11/2004,NULL,,0,none,4067,39,0,,0,0,,,,,,,,,,,,,,
953,n,Yoo Seonho,유선호,Yoo Seon Ho,,6,0,0,0,0,male,y,0,0,2017,NULL,"{K"":""Yoo_Seon-ho""}""",0,4/11/2018,1/28/2002,,0,none,14159,0,0,,0,0,,,,,,,,,,,,,,
954,n,Kim Jinho,김진호,Kim Jin-ho,,163,0,0,0,0,male,y,349,349,2004,NULL,"{K"":""Kim_Jin-ho_(singer)""","I:""moksolee""","F:""KimJinho.Official""","A:""kim-jin-ho\/603813876""}""",11811,2/14/2013,5/21/1986,,0,none,2476,12,0,,0,0,,,,,,,,,,,
955,y,Baekhyun + Doyoung,변백현 + 도영,,,0,25,871,0,0,male,n,0,0,NULL,NULL,,0,NULL,NULL,,0,none,0,0,0,,0,0,,,,,,,,,,,,,,
956,n,Azer,아째르,,,299,0,0,0,0,female,n,0,0,2021,NULL,"{I"":""azer_offcial""","Y:""UCyAWwR9nXunuXcX03gK9RTQ""","A:""azer\/1560714054""}""",11896,3/4/2021,NULL,,0,none,0,0,0,,0,9410,,,,,,,,,,,,
957,y,Doyoung + Sejeong,도영 + 세정,,,0,871,119,0,0,coed,n,0,0,NULL,NULL,,0,NULL,NULL,,0,none,0,0,0,,0,0,,,,,,,,,,,,,,
958,n,Ten,텐,Chittaphon Leechaiyapornkul,Lee Young Heum; 이영흠; ชิตพล ลี้ชัยพรกุล; เตนล์; Li Yong Qin; 李永钦; 李永欽,1,0,0,0,0,male,y,714,0,2016,NULL,"{K"":""Ten_(singer)""","I:""tenlee_1001""","A:""ten\/1515958292""}""",11920,4/6/2018,2/27/1996,,0,none,0,0,0,,0,0,,,,,,,,,,,,
959,n,DONGKIZ I:KAN,동키즈 I:KAN,,I:KAN,215,0,0,0,0,male,n,664,664,2019,NULL,"{A"":""dongkiz-i-kan\/1522395890""}""",0,7/7/2020,NULL,Dong-ari,0,none,1951,0,0,,0,0,,,,,,,,,,,,,,
960,n,TO1,티오원,,TOO,163,0,0,0,0,male,n,615,615,2021,NULL,"{K"":""To1""}""",0,NULL,NULL,,0,none,81503,0,0,,0,0,,,,,,,,,,,,,,
961,y,Lucy + Lee Suhyun,루시 + 이수현,,,0,662,691,0,0,coed,n,0,0,NULL,NULL,,0,NULL,NULL,,0,none,0,0,0,,0,0,,,,,,,,,,,,,,
962,n,Rocoberry,로코베리,,,0,0,0,0,0,coed,n,0,0,2014,NULL,"{K"":""Rocoberry""","I:""rocoforest""","F:""rocorim""}""",0,NULL,NULL,,0,none,0,0,0,,0,0,,,,,,,,,,,,
963,n,Hyunjun Hur,허현준,Heo Hyun-joon,Hwall,304,0,0,0,0,male,y,283,0,2020,NULL,"{I"":""hyun.jxx0_p""","Y:""UCcMIaIZiRODIA73luiAxTmw""","A:""hyunjun-hur\/id1527955847""}""",11983,8/20/2020,3/9/2000,,0,none,0,0,0,,0,208000,,,,,,,,,,,,
964,n,DinDin,딘딘,Lim Cheol,,0,0,0,0,0,male,y,0,0,2013,NULL,"{K"":""DinDin""","T:""dindinem""","I:""dindinem""","F:""dindinofficial""","Y:""UCTnTzaL_7heOCUs63ErMCUA""","U:""\ub518\uac00\ub518\uac00DingaDinga""","V:""F1A1B1""","A:""dindin\/760396043""}""",0,8/19/2014,11/20/1991,,0,none,0,2,0,,0,121000,,,,,,,
965,n,Ash Island,애쉬 아일랜드,Yoon Jin-young,Clloud,308,0,0,0,0,male,y,0,0,2018,NULL,"{I"":""ash.island""","F:""clloudouble9""","A:""""}""",0,11/12/2018,8/11/1999,,0,none,10995,64,0,"{MMA"":1","MAMA:1}""",2,0,,,,,,,,,,,
966,n,Kim Kihyun,김기현,Kim Ki Hyun,,309,0,0,0,0,male,y,0,0,2010,NULL,,0,11/24/2010,2/4/1998,,0,none,0,0,0,,0,0,,,,,,,,,,,,,,
967,n,Peakboy,픽보이,Kwon Sung Hwan,,289,0,0,0,0,male,y,0,0,2017,NULL,"{T"":""peakboy_twt""","I:""realpeakboy""","F:""peakboy.official""","Y:""UCY7unn5iRY7ZlSgn3N3s9vw""","U:""OfficialPeakboy""","A:""peakboy\/1257633246""}""",0,7/11/2017,5/27/1989,,0,none,0,0,0,,0,131000,,,,,,,,,
968,y,Jinho + Bibi,진호 + 비비,,,0,859,515,0,0,coed,n,0,0,NULL,NULL,,0,NULL,NULL,,0,none,0,0,0,,0,0,,,,,,,,,,,,,,
969,n,Lee Seok Hoon,이석훈,Lee Seok-Hoon,,93,0,0,0,0,male,y,0,0,2008,NULL,"{I"":""lee.seokhoon""","A:""lee-seok-hoon\/536015998""}""",0,5/24/2010,2/21/1984,,0,none,8497,42,0,,0,0,,,,,,,,,,,,,
970,n,Hong Dae Kwang,홍대광,Hong Dae-Kwang,,67,0,0,0,0,male,y,0,0,2012,NULL,"{I"":""dkhong4""","Y:""UCwboqX3h8-dRFuwXyUM9hkA""","U:""\ud64d\ub300\uad11dkhong4""","A:""hong-dae-kwang\/688109573""}""",0,4/5/2013,1/9/1985,,0,none,8997,73,0,,0,6120,,,,,,,,,,,
971,n,Mia,미아,Kang Min-hye,,163,0,0,0,0,female,y,0,0,2018,NULL,"{T"":""mia_studioblu""","I:""mia.studioblu""","F:""mia.studioblu""","Y:""UC7hHLL5Ve9pB7nNKFOHCFNQ""","U:""\uba00\ubbf8\uc544Official""","A:""mia\/1447210219""}""",0,12/28/2018,4/29/1994,,0,none,0,0,0,,0,19100,,,,,,,,,
972,n,Toheart,투하트,,WooHyun + Key;우현 + 키,0,0,0,0,0,male,n,0,0,2014,NULL,,0,NULL,NULL,,0,none,74242,13,0,,0,0,,,,,,,,,,,,,,
973,n,Tiny-G,타이니지,,,30,0,0,0,0,female,n,0,0,2012,2015,"{K"":""Tiny-G""}""",0,NULL,NULL,,0,none,0,5,0,,0,0,,,,,,,,,,,,,,
974,n,LU:KUS,루커스,,L.A.U; LU4US,362,0,0,0,0,male,n,0,0,2014,NULL,"{T"":""LU4USOFFICIAL""","F:""LAU.officialpage""","U:""LUKUSCHANNEL""","S:""5nYClr2BjPKj9lENjV5Hbx""}""",12303,7/4/2014,NULL,And U,0,none,0,0,0,,0,0,,,,,,,,,,,
975,n,4L,포엘,,Four Ladies,363,0,0,0,0,female,n,0,0,2014,2016,"{K"":""4L_(group)""}""",0,8/1/2014,NULL,,0,none,0,0,0,,0,0,,,,,,,,,,,,,,
976,n,Nicole Jung,니콜,Nicole Yongju Jung,정용주,169,0,0,0,0,female,y,117,0,2007,NULL,"{K"":""Nicole_Jung""","I:""nicole__jung""","Y:""UCNEG2XxjRXLQBBRMI7RUzzg""}""",0,11/19/2014,10/7/1991,,0,none,10137,3,0,,0,42300,,,,,,,,,,,,
977,n,Glam,글램,,Girls be Ambitious,0,0,0,0,0,female,n,0,0,2012,2015,"{D"":""Glam_(group)""}""",0,7/16/2012,NULL,,0,none,786,6,0,,0,0,,,,,,,,,,,,,,
978,n,Jo Kwon,조권,Jo Kwon,,6,0,0,0,0,male,y,3,3,2008,NULL,"{K"":""Jo_Kwon""","T:""2AMkwon""","I:""kwon_jo""","F:""JOKWON.UNITEDCUBE""","Y:""UCsXSSsAnx7BCE5OF3a2NTLA""","U:""jokwonofficial""}""",0,6/30/2010,8/28/1989,,0,none,0,9,0,,0,21700,,,,,,,,,
979,n,Lee Seung-yoon,이승윤,Lee Seung-yoon,,378,0,0,0,0,male,y,0,0,2013,NULL,"{I"":""bgsmsyl""","Y:""UC2KmG_o7JZcPr052P87GdsQ""}""",0,5/7/2013,8/21/1989,,0,none,71218,12,0,,0,96400,,,,,,,,,,,,,
980,n,Verbal Jint,버벌진트,Kim Jin-tae,,122,0,0,0,0,male,y,0,0,1999,NULL,"{K"":""Verbal_Jint""","T:""freevj""","I:""freevjfreevj""","F:""vjpaper""","U:""freevj""","A:""verbal-jint\/149197227""","W:""www.brandnewmusic.co.kr\/portfolio-item\/verbal-jint\/""","C:""freevj""","Y:""UC0I-WcWrHyk2dCPS4jOB6oQ""}""",0,7/13/2001,12/19/1980,,0,none,10509,128,0,"{KMA"":1}""",1,1,,,,,,
981,n,Zizo,지조,Min Ju-Hong,,0,0,0,0,0,male,y,0,0,2011,NULL,[],0,NULL,1/1/1986,,0,none,0,3,0,,0,0,,,,,,,,,,,,,,
982,n,O3ohn,오존,Oh Joon-ho,,310,0,0,0,0,male,y,0,0,NULL,NULL,"{T"":""O3OHN""","I:""o3ohn""","F:""o3ohn""","Y:""UC4gLUgWZSlKfkIpACEfGZgQ""","U:""OHJOOONHO""","W:""www.o3ohn.com\/""","C:""o3ohn""}""",0,NULL,3/17/1993,,0,none,0,0,0,,0,1,,,,,,,,
983,n,GreatGuys,멋진녀석들,,Great Guys,365,0,0,0,0,male,n,0,0,2017,NULL,"{K"":""GreatGuys""","T:""GreatGuys_twt""","I:""greatguys_official""","Y:""UCYzXa0_YsM9gEHkAKXBXbvA""","A:""great-guys\/1278200138""","S:""5rl5eIP9MogVsjbIVUKK1y""}""",12390,8/25/2017,NULL,Grace,0,none,0,0,0,,0,95100,,,,,,,,,
984,n,Gangkiz,갱키즈,,,4,0,0,0,0,female,n,0,0,NULL,NULL,[],0,NULL,NULL,,0,none,4182,0,0,,0,0,,,,,,,,,,,,,,
985,y,Doyoung + Rocoberry,도영 + 로코베리,,,0,871,962,0,0,coed,n,0,0,NULL,NULL,[],0,NULL,NULL,,0,none,0,0,0,,0,0,,,,,,,,,,,,,,
986,y,Onew + Rocoberry,온유 + 로코베리,,,0,392,962,0,0,coed,n,0,0,NULL,NULL,[],0,NULL,NULL,,0,none,0,0,0,,0,0,,,,,,,,,,,,,,
987,n,Kim Young-Chul,김영철,Kim Young-Chul,,0,0,0,0,0,male,y,0,0,1999,NULL,"{K"":""Kim_Young-chul_(comedian)""}""",0,NULL,6/23/1974,,0,none,0,1,0,,0,0,,,,,,,,,,,,,,
988,n,Hot Issue,핫이슈,,,366,0,0,0,0,female,n,0,0,2021,NULL,"{T"":""hotissue_s2""","I:""hotissue_s2""","F:""HOTISSUE.S2""","Y:""UCLMPaSnZXeUHA_AeOGJhvfg""","V:""863F1F""","A:""hot-issue\/1454486654""","D:""hot-issue""}""",12516,4/28/2021,NULL,,0,none,0,0,0,,0,1,,,,,,,,
989,n,OOHYO,우효,Woo Hyo-eun,,0,0,0,0,0,female,y,0,0,2014,NULL,"{K"":""Oohyo""","I:""oohyo_official""","F:""oohyomusic""","Y:""UCjU2-4QDBGw16stNPyGHw0Q""","U:""oohyo_official""}""",0,NULL,3/20/1993,,0,none,3625,0,0,,0,43200,,,,,,,,,,
990,n,Yoon Gun,윤건,Yang Chang-ik,,0,0,0,0,0,male,y,0,0,1999,NULL,"{T"":""theyoongun""","I:""yoongun.official""","F:""theyoongun""","W:""theyoongun.com\/""}""",0,NULL,1/7/1975,,0,none,5945,73,0,"{KMA"":1}""",1,0,,,,,,,,,,,
991,n,Keumjo,금조,Lee Keum-jo,이금조,0,0,0,0,0,female,y,9,0,2015,NULL,"{T"":""keumjo_1217""","I:""keumjo_1217""","Y:""UCpY-pgLn-m7LZwa7lvChxow""}""",0,2/12/2020,12/17/1992,,0,none,0,0,0,,0,1,,,,,,,,,,,,
993,n,Kiss,여자 이니까,,Korea International Super Star,0,0,0,0,0,female,n,0,0,2001,2002,"{K"":""Kiss_(South_Korean_group)""}""",0,11/22/2001,NULL,,0,none,0,0,0,,0,0,,,,,,,,,,,,,,
994,n,Zitten,짙은,Sung Yong-wook,,0,0,0,0,0,male,y,0,0,2005,NULL,"{I"":""zittenuk""","F:""zitten.music""","Y:""UCBjKdFIaFF6CP8aHGnV9kTg""","U:""Zittenuk""}""",0,11/7/2005,1/29/1980,,0,none,0,0,0,,0,1,,,,,,,,,,,
995,n,Vincent Blue,빈센트블루,Kim Min-seung,,122,0,0,0,0,male,y,0,0,2015,NULL,"{I"":""blue_bugg""","F:""minseong.kim.7505""","Y:""UCgp8NLAnA1CvRiCh2yrNzNA""","U:""vincentblue""","A:""vincent-blue\/1336403874""","W:""www.brandnewmusic.co.kr\/portfolio-item\/%EB%B9%88%EC%84%BC%ED%8A%B8%EB%B8%94%EB%A3%A8\/""","C:""vincentblue""}""",0,9/23/2015,11/3/1993,,0,none,0,0,0,,0,21100,,,,,,,,
996,n,Raina,레이나,Oh Hye-rin,,0,0,0,0,0,female,y,11,0,2009,NULL,"{K"":""Raina_(singer)""","T:""raina57""","I:""raina_57""","Y:""UC5cVWAEzenhFyup2kRcouhQ""","U:""ImRaina""","W:""www.pledis.co.kr\/html\/artist\/raina""}""",0,11/25/2009,5/7/1989,,0,none,0,6,0,,0,138000,,,,,,,,,
997,y,San E + Raina,산이 + 레이나,,,0,167,996,0,0,coed,n,0,0,NULL,NULL,[],0,NULL,NULL,,0,none,0,0,0,,0,0,,,,,,,,,,,,,,
998,n,Han Dong Geun,한동근,Han Dong-Geun,,122,0,0,0,0,male,y,0,0,2012,NULL,"{K"":""Han_Dong-geun""","T:""_DONNY_HAN""","I:""donny_donggeun_han""","F:""DONNYDONGGEUN""","Y:""UCGCdG69Z-kLQeqPxBd2BwoQ""","U:""HanDongGeunofficial""","W:""www.brandnewmusic.co.kr\/portfolio-item\/%ED%95%9C%EB%8F%99%EA%B7%BC\/""}""",0,9/30/2014,5/9/1993,,0,none,1077,141,1,"{SMA"":1}""",1,56800,,,,,,,,
999,n,Elly,서인영,Seo In-young,,367,0,0,0,0,female,y,1088,0,2007,NULL,"{K"":""Seo_In-young""","T:""elly_iy""}""",0,2/26/2007,9/3/1984,,0,none,2678,80,0,,0,0,,,,,,,,,,,,,
1000,n,DJ D.O.C.,DJ DOC,,Dream Of Children,0,0,0,0,0,male,n,0,0,1994,NULL,"{K"":""DJ_DOC""}""",0,11/1/1994,NULL,,0,none,0,66,1,"{GDA"":1",MMA:1,"MAMA:1}""",3,0,,,,,,,,,,,,
1001,n,Jo Sungmo,조성모,Jo Sung-mo ,,0,0,0,0,0,male,y,0,0,1998,NULL,K=Jo_Sung-mo,0,9/4/1998,3/11/1977,,0,complete,4549,23,0,,0,0,,,,,,,,,,,,,,
1002,n,Kim Yeonji,김연지,Kim Yeon-ji,,368,0,0,0,0,female,y,343,0,2006,NULL,"{K"":""Kim_Yeon-ji""","I:""rorakim0927""","F:""yeonji1030""","Y:""UCjLZIdvRV7fQ3m_DA9NEkOg""","W:""www.mostworks.co.kr\/kim-yeon-ji""}""",0,3/12/2006,10/30/1986,,0,none,0,16,0,,0,62600,,,,,,,,,,
1003,n,Hwanhee,환희,Hwang Yoon-Seok,,0,0,0,0,0,male,y,321,0,1999,NULL,"{K"":""Hwanhee""","T:""hwanhee""","I:""ducati0117""","F:""hwanheeofficial""","Y:""UCkvnkKLdW3S1VpkAo89orbA""","U:""HwanheeOfficial""","V:""EEA211""","W:""btenter.co.kr\/artist\/""}""",0,11/21/1999,1/17/1982,,0,none,5697,46,0,,0,1,,,,,,,
1004,n,Kim Dong Jun,김동준,,,222,0,0,0,0,male,y,224,224,2019,NULL,[],12825,11/6/2019,2/11/1992,,0,none,0,0,0,,0,0,,,,,,,,,,,,,,
1005,n,Onestar,임한별,Im Han Byul,,368,0,0,0,0,male,y,356,356,2008,NULL,"{I"":""onestarl""","Y:""UCraWp23RO7wBq5S2Yifhz5w""","U:""\uc784\ud55c\ubcc4""","W:""www.mostworks.co.kr\/onestar""}""",12856,9/13/2018,2/8/1989,,0,none,0,71,0,,0,258000,,,,,,,,,,,
1006,n,Kahi,가희,Park Jiyoung,,0,0,0,0,0,female,y,11,0,2009,NULL,"{K"":""Kahi""","T:""kahi_korea""","I:""Kahi_korea""","Y:""UCkJNt3RjPO2ODZylf0-_JYA""","U:""KahiVibeS""}""",0,2/14/2011,12/25/1980,,0,none,6122,9,0,,0,77700,,,,,,,,,,
1007,n,Junho,준호,Lee Jun-ho,,0,0,0,0,0,male,y,5,5,2008,NULL,"{K"":""Lee_Jun-ho_(entertainer)""","T:""dlwnsghek""","I:""le2jh""","Y:""UCowTHOjp47dzNxR8cz83LGA""}""",0,7/24/2013,1/25/1990,,0,none,51633,2,0,,0,321000,,,,,,,,,,,
1008,n,Jun. K,준케이,Kim Min-jun,,14,0,0,0,0,male,y,5,0,2008,NULL,"{K"":""Jun._K""","T:""Jun2daKAY""","I:""jun2dakay""}""",0,5/14/2014,1/15/1988,,0,none,59448,2,0,,0,0,,,,,,,,,,,,
1009,n,eAeon,이이언,,,30,0,0,0,0,male,y,0,0,2010,NULL,[],0,12/10/2010,12/19/1975,,0,none,2524,0,0,,0,0,,,,,,,,,,,,,,
1010,n,Mad Monster,매드몬스터,,,369,0,0,0,0,male,n,0,0,2017,NULL,"{T"":""madmonster_official""","Y:""UCqsPmfRMm0AGTF3mw1VtCnw""","A:""mad-monster\/1564885394""","S:""4NOgfZ4g8sFOjffbwT9qee""}""",0,7/7/2017,NULL,,0,none,0,0,0,,0,370000,,,,,,,,,,,
1011,n,AWEEK,어위크,,アウィーク,370,0,0,0,0,male,n,0,0,2018,NULL,"{T"":""AWEEK_Official""","I:""aweek7official""","Y:""UCcbRdMw7-IQ4NjlWNsZeSIA""","V:""9E5C1B""","A:""aweek\/671388235""","S:""5TGmLB3rkGJE1uPtYBFGi0?si=sWA7tbIgQLCldg8HoVkhIQ""}""",13003,11/19/2019,NULL,Zuzu,0,none,0,0,0,,0,8200,,,,,,,,,
1012,n,K/DA,K/DA,,,371,0,0,0,0,female,n,0,0,2018,NULL,"{K"":""KDA""","T:""https:twitter.comkda_music""","I:""https:www.instagram.comkda_music""","A:""k-da\/1439420229""","W:""na.leagueoflegends.com\/en-us\/event\/kda-official-fan-club\/""","S:""4gOc8TsQed9eqnqJct2c5v""}""",0,11/3/2018,NULL,BLADES,0,none,0,0,0,,0,0,,,,,,,,,
1013,n,Kim Dong-wan,김동완,Kim Dong-wan,Kim Dong wan,1,0,0,0,0,male,y,173,173,1998,NULL,[],0,7/5/2007,11/21/1979,,58000,complete,109362,1,0,,0,0,,,,,,,,,,,,,,
1014,n,Hongki,홍기,Lee Hong-gi,이홍기,10,0,0,0,0,male,y,67,67,2007,NULL,[],0,11/18/2015,3/2/1990,,0,none,54441,0,0,"{GDA"":1}""",1,0,,,,,,,,,,,,,,
1015,n,NiziU,니쥬,,ニジュー,372,0,0,0,0,female,n,0,0,2020,NULL,"{K"":""NiziU""","T:""NiziU__official""","I:""niziu_info_official""","F:""NiziUinfoofficial""","Y:""UCHp2q2i85qt_9nn2H7AvGOw""","A:""niziu\/1519410581""}""",13014,7/1/2020,NULL,WithU,0,none,0,0,0,,0,2040000,,,,,,,,,
1016,n,WayV,威神V,,WeiShen V,1,0,0,0,0,male,n,714,714,2016,NULL,"{K"":""WayV""","T:""WayV_official""","I:""WayVofficial""","F:""WayV.official""","Y:""UC-ZHt5Zgadfx-B1CM63Lqew""","V:""A01BE3""","A:""wayv\/1449462311""","S:""1qBsABYUrxg9afpMtyoFKz""}""",13022,1/17/2019,NULL,WayZenNi,0,none,510650,0,0,,0,3340000,,,,,,,
1017,n,Jackson Wang,잭슨,Jackson Wang,Jackson; 王嘉尔; 왕잭슨,0,0,0,0,0,male,y,80,80,2017,NULL,"{T"":""JacksonWang852""","I:""jacksonwang852g7""","F:""jacksonwang852g7""","Y:""UCJS0K01yC8BmQtSuRdqqo3w""","V:""8BEE69""}""",13038,8/26/2017,3/28/1994,,0,none,0,0,0,,0,4360000,,,,,,,,,,
1018,n,Yoo Hweseung,유회승,Yoo Hwe-seung,,10,0,0,0,0,male,y,341,0,2018,NULL,"{I"":""hweng_star""","Y:""UCOn_YQVSnLToexOyqIIidUg""","A:""yoo-hwe-seung\/1282875708""","S:""7yL5ZmN82R59qHxOV0ejQw""}""",0,NULL,2/28/1995,,0,none,0,0,0,,0,123000,,,,,,,,,,,
1019,y,Hongki + Yoo Hweseung,홍기 + 유회승,,,0,1014,1018,0,0,male,n,0,0,NULL,NULL,[],0,NULL,NULL,,0,none,0,0,0,,0,0,,,,,,,,,,,,,,
1020,n,Seomoon Tak,서문탁,Lee Su-jin,,0,0,0,0,0,female,y,0,0,1994,NULL,[],0,NULL,3/3/1978,,0,none,0,2,0,,0,0,,,,,,,,,,,,,,
1021,y,Baekhyun + Seomoon Tak,변백현 + 서문탁,,,0,25,1020,0,0,coed,n,0,0,NULL,NULL,[],0,NULL,NULL,,0,none,0,0,0,,0,0,,,,,,,,,,,,,,
1022,n,Hey Girls,헤이걸스,,HeyGirls,0,0,0,0,0,female,n,0,0,NULL,NULL,[],0,NULL,NULL,,0,none,0,0,0,,0,0,,,,,,,,,,,,,,
1023,n,Apple.B,애플비,,,0,0,0,0,0,female,n,0,0,NULL,NULL,[],0,NULL,NULL,,0,none,0,0,0,,0,0,,,,,,,,,,,,,,
1024,n,BIG Naughty,빅나티,Seo Dong-hyun,,273,0,0,0,0,male,y,0,0,2019,NULL,"{I"":""bignaughtyboi""","Y:""UCRh5YYnMgKuuBW2cwA8UiZA""","W:""h1ghrmusicofficial.com\/BIGNaughty""","S:""7cEaNXXTHx3LokbjUUyHal""}""",13129,11/21/2019,6/2/2003,,0,none,10615,0,0,,0,22400,,,,,,,,,,,
1025,n,WJSN THE BLACK,우주소녀 더블랙,,,241,0,0,0,0,female,n,218,218,2021,NULL,"{A"":""wjsn-the-black\/1566547453""","S:""0M3eRYg8ULjCtLFvhc5Orb""}""",13136,5/12/2021,NULL,,0,none,73925,0,0,,0,0,,,,,,,,,,,,,
1026,n,Jeong Dongwon,정동원,Jeong Dong-won,,373,0,0,0,0,male,y,0,0,2019,NULL,"{I"":""dongwon_15""","Y:""UCrLQ0ovys23H9xBV6U""","A:""jeong-dong-won\/1495317727""","S:""7fB8Qn00ToFmUY3mAJJSki""}""",13140,5/5/2021,3/19/2007,,0,none,144576,0,0,,0,1,,,,,,,,,,,
1027,n,TRADE L,트레이드 엘,Lee Seung-hoon,,273,0,0,0,0,male,y,0,0,2020,NULL,"{I"":""whereistrade""","W:""h1ghrmusicofficial.com\/TRADEL""","C:""whereistrade""","S:""6b29EYSqnLhUyxC3yyNbyr""}""",0,8/12/2020,7/20/2004,,0,none,0,0,0,,0,0,,,,,,,,,,,
1028,n,Woodie Gochild,우디고차일드,Kwak Woo Jae,,273,0,0,0,0,male,y,0,0,2017,NULL,"{I"":""woodie_gochild""","W:""h1ghrmusicofficial.com\/WoodieGochild""","S:""6iLGJqxVgxxWsJe5bW4dxt""}""",13146,12/15/2017,4/2/1996,,0,none,0,0,0,,0,0,,,,,,,,,,,,
1029,y,Jay Park + pH-1 + Sik-K + Haon,박재범 + 박준원 + 식케이 + 김하온,,,0,388,732,737,432,male,n,0,0,NULL,NULL,[],0,NULL,NULL,,0,none,0,0,0,,0,0,,,,,,,,,,,,,,
1030,n,Yuqi,우기,Song Yuqi,雨琦,6,0,0,0,0,female,y,292,292,2018,NULL,"{I"":""yuqisong.923""","S:""22aCD8IrQZjcPgZw728QT6""","A:""yuqi\/1566541268""","K:""Song_Yuqi""}""",13158,5/13/2021,9/23/1999,,0,none,0,0,0,,0,0,,,,,,,,,,,
1031,n,D.Ark,디아크,Kim Woo-rim,,257,0,0,0,0,male,y,0,0,2020,NULL,"{I"":""dmofxxkinark""","A:""d-ark\/1438199072""","C:""k-hgh-546598561""","S:""2UaheMCNCnN1CrrnZnmh3j""}""",13161,12/30/2020,7/15/2004,,0,none,0,0,0,,0,0,,,,,,,,,,,
1032,n,TREN-D,트랜디,,,0,0,0,0,0,female,n,0,0,NULL,NULL,[],0,NULL,NULL,,0,none,0,0,0,,0,0,,,,,,,,,,,,,,
1033,n,Jay B,재범,Lim Jae-beom,,0,0,0,0,0,male,y,80,80,2012,NULL,"{T"":""JAYBDEF___""","I:""jaybnow.hr""","Y:""UCYfHTqPM-bgnBaQqzFjBogQ""","A:""jay-b\/1532055760""","D:""idol\/jb-got7""","C:""off_def""","S:""3IjHX8KZKoeq3X4QgXxqbT""}""",0,NULL,1/6/1994,,0,none,99367,0,0,,0,790000,,,,,,,,
1034,n,Dareharu,달의하루,,,0,0,0,0,0,coed,n,0,0,2020,NULL,"{T"":""Dare_haru""","I:""dareharu""","Y:""UCbAEthmNnJk8JVZP8FWXqZg""","A:""dareharu\/1503459838""","S:""4mcnvjLyW44CoKXDkUjPzh""}""",0,1/31/2020,NULL,,0,none,0,0,0,,0,216000,,,,,,,,,,
1035,n,Rainbow Note,레인보우 노트,,,0,0,0,0,0,female,n,0,0,NULL,NULL,[],0,NULL,NULL,,0,none,0,0,0,,0,0,,,,,,,,,,,,,,
1036,n,Bandage,밴디지,,,194,0,0,0,0,male,n,0,0,2020,NULL,"{K"":""Bandage_(band)""","T:""band_bandage""","I:""band_bandage""","Y:""UCicXTU683oC5uqwtaSy0J5A""","A:""bandage\/1506647327""","S:""1fuAboBjT2k4lPcpkIaqTt""}""",13198,4/3/2020,NULL,,0,none,0,0,0,,0,1,,,,,,,,,
1037,n,HERD,허드,,,0,0,0,0,0,male,n,0,0,2018,NULL,"{I"":""we_are_herd""","F:""BandHERD""","U:""WEAREHERD""","A:""herd\/1444383615""","S:""6aQtLvZBb5B8fy6KfWRvTQ""}""",13206,11/26/2018,NULL,,0,none,0,0,0,,0,0,,,,,,,,,,
1038,n,ICU,아이씨유,,,0,0,0,0,0,female,n,0,0,NULL,NULL,[],0,NULL,NULL,,0,none,0,0,0,,0,0,,,,,,,,,,,,,,
1039,n,Kim Areum,김아름,,,0,0,0,0,0,female,y,0,0,NULL,NULL,[],0,NULL,NULL,,0,none,0,0,0,,0,0,,,,,,,,,,,,,,
1040,n,Kwon Jin-Ah,권진아,Kwon Jin Ah,,300,0,0,0,0,female,y,0,0,2014,NULL,"{K"":""Kwon_Jin-ah""","I:""kwonhodoo""}""",13713,6/19/2014,7/18/1997,,0,none,1600,66,0,,0,0,,,,,,,,,,,,,
1041,n,Song I Han,송이한,Song Byung-hwa,,0,0,0,0,0,male,y,0,0,2018,NULL,"{Y"":""UCfhdSgD-4ctfZ3OyzrvViBA""","A:""song-i-han\/1457540628""","S:""4whjJjlywO81WrDptpdttm""}""",0,6/3/2018,8/11/1994,,0,none,0,65,0,,0,23000,,,,,,,,,,,,
1042,n,Lee Yejoon,이예준,Lee Ye-joon,,0,0,0,0,0,female,y,0,0,NULL,NULL,"{A"":""lee-yejoon\/1449111633""","S:""3GS6aA2KRewQL4VhUtIpet""}""",0,NULL,10/8/1988,,0,none,0,105,0,,0,0,,,,,,,,,,,,,
1043,n,Jung Dong Ha,정동하,Jung Dong-ha,,0,0,0,0,0,male,y,0,0,NULL,NULL,"{A"":""jung-dong-ha\/699224808""","S:""5Y5c91VcBMoVZbYBZdoRnu""}""",0,NULL,NULL,,0,none,15259,85,0,,0,0,,,,,,,,,,,,,
1044,n,Lee Jung,이정,Lee Jung-hee,,0,0,0,0,0,male,y,0,0,2002,NULL,"{A"":""j-lee\/139325051""","S:""6IQyu7baYgm2EQKaT86uZu""}""",0,NULL,NULL,,0,none,3010,71,0,,0,0,,,,,,,,,,,,,
1045,y,Ha Dong Qn + Lee Jung,하동균 + 이정,,,0,926,1044,0,0,male,n,0,0,NULL,NULL,[],0,NULL,NULL,,0,none,0,0,0,,0,0,,,,,,,,,,,,,,
1046,n,#An Nyeong,#안녕,,,0,0,0,0,0,male,y,0,0,NULL,NULL,"{A"":""an-nyeong\/1144620933""","S:""4M9tATKeCZPhipaM6ge2VS""}""",0,8/8/2016,NULL,,0,none,0,45,0,,0,0,,,,,,,,,,,,,
1047,n,GyeongseoYeji,경서예지,,,0,0,0,0,0,female,n,0,0,2020,NULL,"{I"":""gyeongseoyeji.official""","F:""Gyeongseoyeji.gyeongseo""","Y:""UC9BlmMw2Kz7gogJuEqqqd3A""","A:""gyeongseoyeji\/1507716184""","S:""5crpfIGj4lAUNuHYUY2TN9""}""",0,4/12/2020,NULL,,0,none,0,54,0,,0,30400,,,,,,,,,,
1048,n,Sin Ye Young,신예영,,,0,0,0,0,0,female,y,0,0,NULL,NULL,"{A"":""shin-ye-young\/1157241969""","S:""02SENF0XVfxRTZrniEV2aF""}""",0,NULL,12/3/1991,,0,none,0,90,0,,0,0,,,,,,,,,,,,,
1049,n,SoonSoonHee,순순희,,,0,0,0,0,0,male,n,0,0,2018,NULL,"{A"":""soonsoonhee\/1372669713""","S:""3VOan0TuiwkfjnPLDXBPbG""}""",0,NULL,NULL,,0,none,0,35,0,,0,0,,,,,,,,,,,,,
1050,n,BECZ,비커즈,,,374,0,0,0,0,male,n,0,0,2020,2020,"{A"":""becz\/1502683377""","S:""3RWyBAy8tbs8jPHOeDlROP""}""",13260,3/13/2020,NULL,,0,none,0,0,0,,0,0,,,,,,,,,,,,,
1051,n,Son Dam Bi,손담비,Son Dam Bi,,0,0,0,0,0,female,y,0,0,2007,NULL,[],0,NULL,9/25/1983,,0,none,0,32,0,"{GDA"":1","SMA:3}""",4,0,,,,,,,,,,,,,
1052,n,SURL,설,,,375,0,0,0,0,male,n,0,0,NULL,NULL,"{T"":""SURLofficial""","I:""surlofficial""","U:""SURLofficial""","W:""happyrobot.co.kr\/artist\/surl%ec%84%a4-2\/?ckattempt=1""}""",0,7/7/2018,NULL,,0,none,0,0,0,,0,0,,,,,,,,,,,
1053,n,PRSNT,프레젠트,,,0,0,0,0,0,coed,n,0,0,2019,NULL,"{I"":""prsntofficial""","F:""prsntofficial""","Y:""UCBei6vVGAM57LyjeNthV49A""","C:""prsntofficial""}""",0,6/22/2019,NULL,,0,none,0,0,0,,0,1,,,,,,,,,,,
1054,n,Sixbomb,식스밤,,,376,0,0,0,0,female,n,0,0,2012,NULL,"{T"":""sixbomb""","F:""officialsixbomb""","Y:""UC3lAeK_LoSz9gVmIA00BWjA""","A:""sixbomb\/1328718753""","S:""43lrgpItusd3iWQsrmDetE""}""",0,1/27/2012,NULL,,0,none,0,0,0,,0,11300,,,,,,,,,,
1055,n,E'LAST U,엘라스트 유,,,200,0,0,0,0,male,n,703,703,2021,NULL,"{A"":""elast-u\/1568029463""}""",0,5/19/2021,NULL,,0,none,0,0,0,,0,0,,,,,,,,,,,,,,
1056,n,Shin Ji,신지,Lee Ji-Seon,,0,0,0,0,0,female,y,0,0,2008,NULL,"{K"":""Shin_Ji""}""",0,7/17/2008,NULL,,0,none,0,9,0,,0,0,,,,,,,,,,,,,,
1057,n,Yumin,유민이,Oh Yu-Min,,0,0,0,0,0,female,y,0,0,2019,NULL,"{Y"":""UCJasoZ6x0WuZMZSK5N329gQ""}""",0,NULL,NULL,,0,none,0,0,0,,0,69800,,,,,,,,,,,,,,
1058,n,Kino,키노,Kang Hyung Gu,,6,0,0,0,0,male,y,280,280,2016,NULL,"{T"":""cube_ptg""","I:""CUBE_PTG""","F:""pentagon.unitedcube""","Y:""UCw4NcAAtRsjL-cGlBrUnMTQ""","V:""F2C18D""","W:""www.cubeent.co.kr\/pentagon""","A:""pentagon\/1346387122""","C:""knnovation""","S:""1wKpMkucynaTfG8lyPprYV""","K:""Kino_(singer)""}""",0,NULL,1/27/1998,,0,none,0,0,0,,0,1660000,,,,,
1059,y,Kino + Yumin,키노 + 유민이,,,0,1058,1057,0,0,coed,n,0,0,NULL,NULL,[],0,NULL,NULL,,0,none,0,0,0,,0,0,,,,,,,,,,,,,,
1060,n,Bang Yong-guk,방용국,Bang Yong-guk,,377,0,0,0,0,male,y,22,0,2011,NULL,"{K"":""Bang_Yong-guk""","I:""bangstergram""","W:""bangyongguk.co.kr""}""",0,3/15/2019,3/31/1990,,0,none,12638,3,0,,0,0,,,,,,,,,,,,
1061,n,Moon Jong Up,종업,Moon Jong-up,문종업;Jongup,396,0,0,0,0,male,y,22,22,2020,NULL,"{K"":""Moon_Jong-up""","T:""jongup_official""","I:""moonjongyeup""","S:""3I9hRYYNJvENa3EcJ6c5cd""}""",13361,5/7/2020,2/6/1995,MOONW4LK,0,none,0,0,0,,0,0,,,,,,,,,,,
1062,n,Zelo,최준홍,Choi Jun-hong,,0,0,0,0,0,male,y,22,0,2011,NULL,"{K"":""Zelo""}""",0,8/21/2019,10/15/1996,,0,none,4291,0,0,,0,0,,,,,,,,,,,,,,
1063,y,Zelo + Bang Yong-guk,최준홍 + 방용국,,,0,1062,1060,0,0,male,n,0,0,NULL,NULL,[],0,NULL,NULL,,0,none,0,0,0,,0,0,,,,,,,,,,,,,,
1064,n,Lee Mujin,이무진,Lee Mujin,,378,0,0,0,0,male,y,0,0,2018,NULL,"{I"":""morilla_lmj""","Y:""UC3fIV0BqVT-h6UjWIKAwiCQ""","W:""www.showplayent.com\/?module=Board&action=SiteBoard&sMode=VIEW_FORM&iBrdNo=1&iBrdContNo=6&sBrdContRe=0&sSearchField=&sSearchValue=&CurrentPage=1""}""",0,7/20/2018,12/28/2000,,0,none,0,103,3,"{GDA"":1",MMA:1,"SMA:1}""",3,216000,,,,,,,,,,
1065,n,South Club,사우스클럽,,,343,0,0,0,0,male,n,217,217,2017,NULL,"{I"":""souththth""","Y:""UChtd_3UT9sEBvi4640d9Oqw""","A:""south-club\/1253971050""}""",0,5/26/2017,NULL,,0,none,3994,0,0,,0,45700,,,,,,,,,,,,
1066,y,Onewe + Oneus,원위 + 원어스,,,0,586,454,0,0,male,n,0,0,NULL,NULL,[],0,NULL,NULL,,0,none,0,0,0,,0,0,,,,,,,,,,,,,,
1067,y,Amber + Luna,엠버 + 루나,,,0,15,135,0,0,female,n,0,0,NULL,NULL,[],0,NULL,NULL,,0,none,0,0,0,,0,0,,,,,,,,,,,,,,
1068,n,TAEWOO,태우,Han Tae Woo,,379,0,0,0,0,male,y,0,0,2020,NULL,"{I"":""taewooet""","Y:""UC0YdZtmGR4P8OapTykU8mPQ""","S:""0Fv9tIZoG4ib7bKUFLKRHo""}""",13459,5/23/2021,5/2/1997,,0,none,0,0,0,,0,1,,,,,,,,,,,,
1069,n,LeeZe,리제,Lee Ji-hye,이지혜,379,0,0,0,0,female,y,0,0,2013,NULL,"{I"":""leeze____""","Y:""UC-sGdpCc3PwQQk7tlw8Tqkw""","C:""leezeofficial""}""",13461,1/3/2021,8/18/1995,,0,none,0,0,0,,0,41100,,,,,,,,,,,,
1070,n,Hyungdon & Daejune,형돈이와 대준이,,,0,0,0,0,0,male,n,0,0,2012,NULL,"{F"":""HYEONGDONnDAEJUN""}""",0,5/29/2012,NULL,,0,none,49295,38,0,,0,0,,,,,,,,,,,,,,
1071,n,Lulupop,룰루팝,,,380,0,0,0,0,female,n,0,0,NULL,NULL,"{T"":""lulupopofficial""","I:""lulupop.official""","F:""LULUPOPOfficial""","Y:""UCa_SqpGdh45HgTKlxtPvOLw""","A:""lulupop\/1568671815""}""",0,NULL,NULL,,0,none,0,0,0,,0,3840,,,,,,,,,,
1072,y,Lulupop + Purple Kiss,룰루팝 + 퍼플키스,,,0,1071,710,0,0,female,n,0,0,NULL,NULL,[],0,NULL,NULL,,0,none,0,0,0,,0,0,,,,,,,,,,,,,,
1073,n,Rumble Fish,럼블피쉬,,,0,0,0,0,0,coed,n,0,0,NULL,2010,[],0,NULL,NULL,,0,none,601,43,0,,0,0,,,,,,,,,,,,,,
1074,n,Fanxy Red,팬시레드,,,381,0,0,0,0,female,n,0,0,2017,NULL,"{T"":""FANXYRED""","I:""fanxyredofficial""","F:""globaltov""","Y:""UCuZ7NcGvQ7fIUnuUgy2qzjQ""","V:""AC8A55""","A:""fanxy-red\/1477155569""","W:""www.tovglobal.com\/artist""","S:""5InatjdbYc8y9748ckvN0i""}""",13536,8/28/2019,NULL,Diamonds,0,none,0,0,0,,0,26400,,,,,,,
1075,n,Minsu,민수,Kim Minsu,김민수,0,0,0,0,0,female,y,0,0,2018,NULL,"{I"":""ineed_water""","Y:""UCRhZKFW5_vhSGAKflSsERjg""","W:""minsuhompy.com""}""",0,5/18/2018,7/6/1995,,0,none,0,0,0,,0,16200,,,,,,,,,,,,
1076,n,The Volunteers,더 발룬티어스,,TVT,0,0,0,0,0,coed,n,0,0,2018,NULL,"{T"":""the__volunteers""","I:""the_volunteers.com_""","F:""tvtrocks""","Y:""UCVlcbGb0bA8Db7DAZVuIPJw""","A:""the-volunteers\/1569162142""","C:""the-volunteers-700408541""","S:""2jLHrOkh1M5rLJgnrgfQf1""}""",0,9/14/2018,NULL,,0,none,12656,0,0,,0,76200,,,,,,,,
1077,n,The ONE,더 원,Jeong Soon-woon,,0,0,0,0,0,male,y,0,0,1997,NULL,"{K"":""The_One_(singer)""","I:""the_one0326""","Y:""UCpPk_WLRqrnOfEw6sHREeNA""}""",0,NULL,3/26/1974,,0,none,980,91,1,,0,12700,,,,,,,,,,,,
1078,n,BewhY,비와이,Lee Byung-yoon,Meshasoulja,0,0,0,0,0,male,y,0,0,2014,NULL,"{K"":""Bewhy""","T:""meshasoulja""","I:""bewhy.meshasoulja""","F:""bewhy.meshasoulja""","U:""BewhYOfficial""}""",0,6/23/2014,6/15/1993,,0,none,2454,112,0,"{KMA"":1","MMA:1}""",2,0,,,,,,,,,
1079,n,Jaurim,자우림,,,315,0,0,0,0,coed,n,0,0,1997,NULL,"{K"":""Jaurim""","T:""JaurimOfficial""","I:""jaurim_official""","F:""bandJAURIM""","U:""jaurim""","W:""www.interparkenter.com\/jaurim\/Main""}""",0,11/22/1997,NULL,,0,none,18757,35,0,"{GDA"":2","MAMA:1}""",3,0,,,,,,,,
1080,n,Kim Yuna,김윤아,Kim Yun-A,,315,0,0,0,0,female,y,1079,0,1997,NULL,"{K"":""Kim_Yoon-ah""}""",0,11/20/2001,3/11/1974,,0,none,4040,13,0,,0,0,,,,,,,,,,,,,,
1081,n,Lee Jin Ah,이진아,Lee Jin Ah,,300,0,0,0,0,female,y,0,0,NULL,NULL,[],0,6/10/2016,3/16/1991,,0,none,2601,19,0,,0,0,,,,,,,,,,,,,,
1082,y,Lee Jin Ah + Gray,이진아 + 그레이,,,0,1081,792,0,0,coed,n,0,0,NULL,NULL,[],0,NULL,NULL,,0,none,0,0,0,,0,0,,,,,,,,,,,,,,
1083,n,Jane Jang,장재인,Jang Jaein,,373,0,0,0,0,female,y,0,0,2010,NULL,"{K"":""Jang_Jae-in""","I:""jangjane_""","F:""jangjaneofficial""","Y:""UCAnw2N84Zk_dZiTCN1or-WQ""}""",0,4/28/2011,6/6/1991,,0,none,930,67,0,,0,1,,,,,,,,,,,
1084,y,Suho + Jane Jang,수호 + 장재인,,,0,612,1083,0,0,coed,n,0,0,NULL,NULL,[],0,NULL,NULL,,0,none,0,0,0,,0,0,,,,,,,,,,,,,,
1085,n,Kim Jong Kook,김종국,Kim Jong-kook,,78,0,0,0,0,male,y,206,0,1995,NULL,"{K"":""Kim_Jong-kook""","I:""kjk76""}""",0,NULL,4/25/1976,,0,none,10138,47,0,"{GDA"":2",MMA:1,MAMA:1,"SMA:2}""",6,0,,,,,,,,,,
1086,n,Byul,별,Kim Go Eun,,0,0,0,0,0,female,y,0,0,2002,NULL,"{K"":""Byul""","T:""sweetstar0001""","I:""sweetstar0001""","Y:""UCnMtj2TOZjf1TzEstmUMn1w""}""",0,NULL,10/22/1983,,0,none,732,41,0,,0,316000,,,,,,,,,,,
1087,n,Jung Yup,정엽,Ahn Jung-yeop,,0,0,0,0,0,male,y,342,0,2003,NULL,"{K"":""Jungyup""","T:""jungyup""","F:""BESjungyup""}""",0,NULL,2/25/1977,,0,none,8154,101,0,"{GDA"":3}""",3,0,,,,,,,,,,,,
1088,n,Jewelry,쥬얼리,,,0,0,0,0,0,female,n,0,0,2001,NULL,"{K"":""Jewelry_(group)""","W:""cafe.daum.net\/eJewelry""","T:""Jewelry0127""","Y:""UCbUprAQrminyRhZ6kkyBf5g""","U:""jewelry0127""}""",0,3/30/2001,NULL,,0,none,2012,41,0,"{GDA"":2",MAMA:2,"SMA:1}""",5,15400,,,,,,,,
1089,y,Onew + Lee Jin Ah,온유 + 이진아,,,0,392,1081,0,0,coed,n,0,0,NULL,NULL,[],0,NULL,NULL,,0,none,0,0,0,,0,0,,,,,,,,,,,,,,
1090,n,Eun Jiwon,은지원,Eun Ji-won,G1,3,0,0,0,0,male,y,266,0,1997,NULL,"{K"":""Eun_Ji-won""","I:""1_kyne_g1""","Y:""UC9iXc6HmaGygDiTj5OaNqNg""}""",0,4/15/1997,6/8/1978,,0,none,74527,45,0,,0,159000,,,,,,,,,,,,
1091,n,Drunken Tiger,드렁큰 타이거,,,0,0,0,0,0,male,n,0,0,1999,2018,"{K"":""Drunken_Tiger""}""",0,2/2/1999,NULL,,0,none,12189,3,0,"{KMA"":2",GDA:1,MAMA:1,"SMA:4}""",8,0,,,,,,,,,,,
1092,n,S2,에스투,,Serendipity 2,0,0,0,0,0,female,n,0,0,NULL,NULL,[],13905,8/24/2017,NULL,,0,none,0,0,0,,0,0,,,,,,,,,,,,,,
1093,n,Baby blue,베이비블루,,,0,0,0,0,0,female,n,0,0,2020,NULL,"{I"":""babyblueofficial__""","Y:""UCrMZTCFcVEKLLzhPZlSmRmg""}""",13918,11/3/2020,NULL,,0,none,0,0,0,,0,1,,,,,,,,,,,,,
1094,n,Seo Taiji and Boys,서태지와 아이들,,SeoTaiji and Boys,219,0,0,0,0,male,n,0,0,1992,1996,"{K"":""Seo_Taiji_and_Boys""","Y:""UC76q5di__eRuM1_kMArvKKQ""}""",0,4/11/1992,NULL,,8000000,some,8000000,0,0,,0,95600,,,,,,,,,,,,,
1095,n,Seo Taiji,정현철,Jeong Hyeon-Cheol,서태지;Seo Tae-Ji,0,0,0,0,0,male,y,1094,0,1992,NULL,"{K"":""Seo_Taiji""}""",0,7/7/1998,2/21/1972,,0,none,0,0,0,"{MAMA"":2}""",2,0,,,,,,,,,,,,,,
1096,n,W.A.O,위아더원,,,382,0,0,0,0,male,n,0,0,2021,NULL,"{T"":""WAO_official_""","I:""wearetheoneofficial""","V:""85FF27""","A:""w-a-o\/1564040099""","S:""3kBm9qrjYKQc5fUaEuQtIk""}""",13935,4/22/2021,NULL,,0,none,0,0,0,,0,0,,,,,,,,,,
1097,n,OTC,오프더커프,,Off The Cuff,383,0,0,0,0,male,n,0,0,2020,2021,"{A"":""otc-off-the-cuff\/1505727697""","S:""2Gq18qo8DfFuPfAudxadZe""}""",13954,4/2/2020,NULL,,0,none,0,0,0,,0,0,,,,,,,,,,,,,
1098,n,Dustin,더스틴,,,384,0,0,0,0,male,n,0,0,2020,NULL,"{A"":""dustin-\ub354\uc2a4\ud2f4\/1493425222""","S:""79dO1QGmCrDZhHQ58Ixt2n""}""",13955,1/6/2020,NULL,,0,none,0,0,0,,0,0,,,,,,,,,,,,,
1099,n,Dustin-On,더스틴온,,,384,0,0,0,0,male,n,1098,1098,2020,NULL,"{A"":""dustin-on\/1527517271""","S:""4mQpkZcbS6iOoRZE8c8NDh""}""",13956,8/17/2020,NULL,,0,none,0,0,0,,0,0,,,,,,,,,,,,,
1100,n,Holics,홀릭스,,,384,0,0,0,0,female,n,0,0,2016,NULL,"{T"":""HOLICS_official""","I:""holics_official""","F:""official.HOLICS""","Y:""UCTquu_CcuvOpPAnM0dIuQkg""","A:""holics\/1093404119""}""",0,3/15/2016,NULL,,0,none,0,0,0,,0,1,,,,,,,,,,
1101,n,Lalary,랄라리,,,0,0,0,0,0,coed,n,0,0,2019,NULL,"{I"":""lalary.official""","Y:""UCFQQo_GMyoB4puUSVAEcxIQ""","A:""lalary\/1477109363""","S:""4OFciVHRZd7kgfJfEMeY7q""}""",0,8/29/2019,NULL,,0,none,0,0,0,,0,35200,,,,,,,,,,,
1102,n,Narachan,나라찬,Jung Hyun-woo,,157,0,0,0,0,male,y,452,452,2015,NULL,[],13965,2/19/2021,9/23/1996,,0,none,0,0,0,,0,0,,,,,,,,,,,,,,
1103,n,Roda,로다,Shin Joong-min,,157,0,0,0,0,male,y,452,452,2017,NULL,[],13966,3/26/2021,9/19/1998,,0,none,0,0,0,,0,0,,,,,,,,,,,,,,
1104,n,Honeyst,허니스트,,,10,0,0,0,0,male,n,0,0,2017,2019,"{T"":""honeystofficial""","I:""HONEYST_BAND""","F:""officialHONEYST""","Y:""UC57gh6oTjITo6G3LV8B9C_g""","A:""honeyst\/1237470027""","S:""1QjjMej2zKPy0TQ5P0qA55""}""",13967,5/17/2017,NULL,,0,none,3291,0,0,,0,17600,,,,,,,,,
1105,n,Wine Loop,와인루프,,,386,0,0,0,0,coed,n,0,0,2012,NULL,"{I"":""wineloop_official""","F:""wineloop""","Y:""UCylOmR_2QX4z0-AwTlncIHw""}""",0,10/12/2012,NULL,,0,none,0,0,0,,0,2660,,,,,,,,,,,,
1106,n,Motte,모트,Kim Eunji,,387,0,0,0,0,female,y,0,0,2017,NULL,"{I"":""motte_mu""","F:""mottemu""","S:""4bh77HBBwCekmEPcbXAljy""}""",14046,9/7/2017,3/28/1996,,0,none,0,7,0,,0,0,,,,,,,,,,,,
1107,n,Kim Tae Woo,김태우,Kim Tae-woo,,343,0,0,0,0,male,y,374,0,1999,NULL,"{K"":""Kim_Tae-woo_(singer)""","T:""Tsoul0512""","I:""soulking191""","U:""KIMTAEWOOOfficial""","V:""F96B9""","W:""pnbent.com\/musician_1.html""}""",0,NULL,5/12/1981,,0,none,11922,92,0,"{SMA"":1}""",1,0,,,,,,,,,
1108,n,Park Gyu-ri,박규리,,,0,0,0,0,0,female,y,117,0,NULL,NULL,[],0,NULL,NULL,,0,none,0,2,0,,0,0,,,,,,,,,,,,,,
1109,n,Han Seung-yeon,한승연,,,0,0,0,0,0,female,y,117,0,NULL,NULL,[],0,NULL,NULL,,0,none,0,0,0,,0,0,,,,,,,,,,,,,,
1110,n,JY,강지영,Kang Ji-young,,0,0,0,0,0,female,y,117,117,NULL,NULL,[],0,NULL,NULL,,0,none,0,1,0,,0,0,,,,,,,,,,,,,,
1111,n,Electroboyz,일렉트로보이즈,,,21,0,0,0,0,male,n,0,0,2010,NULL,"{A"":""electroboyz\/392880969""","S:""0zs9nRedA8m8o58lbkrpkr""}""",0,6/3/2010,NULL,,0,none,0,28,0,,0,0,,,,,,,,,,,,,
1112,y,Kim Yuna + Sistar + Electroboyz,김윤아 + 씨스타 + 일렉트로보이즈,,,0,1080,174,1111,0,coed,n,0,0,NULL,NULL,[],0,NULL,NULL,,0,none,0,0,0,,0,0,,,,,,,,,,,,,,
1113,n,The Black Skirts,검정치마,Geomjeong chima,Bryan Cho; Jo Hyu-il,0,0,0,0,0,male,y,0,0,2004,NULL,"{K"":""The_Black_Skirts""","I:""holideez""","F:""theblackskirts""","U:""doggyrichstyle""}""",0,11/18/2008,NULL,,0,none,28763,8,0,"{KMA"":2}""",2,0,,,,,,,,,,,
1114,n,TINT,틴트,,,86,0,0,0,0,female,n,0,0,2013,2015,[],14179,10/30/2013,NULL,,0,none,0,0,0,,0,0,,,,,,,,,,,,,,
1115,n,Yim Jae Bum,임재범,"Yim Jae-beom, Lim Jae Beum",,0,0,0,0,0,male,y,0,0,1986,NULL,"{K"":""Yim_Jae-beom""","I:""yimjaebeum_official""","F:""Official.YIMJAEBEUM""}""",0,NULL,10/14/1962,,0,none,23829,101,0,,0,0,,,,,,,,,,,,
1116,n,Hello Ga-Young,안녕하신가영,Baek Ga-young,,315,0,0,0,0,female,y,0,0,2009,NULL,[],0,12/30/2013,10/23/1987,,0,none,480,0,0,,0,0,,,,,,,,,,,,,,
1117,n,Wonpil,원필,Kim Won-pil,,14,0,0,0,0,male,y,54,54,2015,NULL,[],18752,2/7/2022,4/28/1994,,0,none,0,0,0,,0,0,,,,,,,,,,,,,,
1118,y,Hello Ga-Young + Wonpil,안녕하신가영 + 원필,,,0,1116,1117,0,0,coed,n,0,0,NULL,NULL,[],0,NULL,NULL,,0,none,0,0,0,,0,0,,,,,,,,,,,,,,
1119,n,JOO,주,Joo,Jung A-Rin; Jung Min-joo,34,0,0,0,0,female,y,0,0,2008,NULL,"{K"":""Joo_(singer)""","I:""arin.zzu""","Y:""UC_CKYTfg7WYqOAFqnZ5b2Rw""","U:""Officialjoo""","V:""F9FA7""","T:""OfficialJoo_""","F:""JOO.woollim""}""",0,1/10/2008,10/11/1990,,0,none,2054,25,0,,0,563,,,,,,,,
1120,n,Young K,영케이,Kang Young-hyun,Brian Kang,14,0,0,0,0,male,y,54,54,2015,NULL,[],16381,NULL,12/19/1993,,0,none,56274,0,0,,0,0,,,,,,,,,,,,,,
1122,n,Lee Jung-hyun,이정현,"Lee Jung-hyun, Ava",,0,0,0,0,0,female,y,0,0,1996,NULL,"{K"":""Lee_Jung-hyun""","T:""mermaidjh""","I:""mermaidleejh""}""",14223,10/20/1999,2/7/1980,,0,none,2306,10,0,"{SMA"":1}""",1,0,,,,,,,,,,,,
1123,n,Epex,이펙스,,,93,0,0,0,0,male,n,0,0,2021,NULL,"{T"":""THE_EPEX""","I:""epex.official""","F:""EPEXofficial""","Y:""UCKHl-9B-aa4AK5ZR9XLOg8A""","V:""924D9D""","A:""epex\/1570800770""","S:""4e2umhzNHTSeQnSCWPN0uT""}""",0,6/8/2021,NULL,,0,none,145301,0,0,"{SMA"":1}""",1,1,,,,,,,,
1124,n,BM,비엠,Matthew Kim,,2,0,0,0,0,male,y,113,113,2015,NULL,"{I"":""bigmatthewww""","C:""bigmattheww""","S:""5lZV4z4dpX6IfTYlfUMvOE""}""",14314,6/9/2021,10/20/1992,,0,none,0,0,0,,0,0,,,,,,,,,,,,
1125,n,Woo Jin Young,우진영,Woo Jin-young,,306,0,0,0,0,male,y,640,640,2018,NULL,"{A"":""woo-jin-young\/1398805764""","S:""1vpeQFhw90qhSRmzBd1ivl""}""",14267,6/9/2021,5/31/1997,,0,none,0,0,0,,0,0,,,,,,,,,,,,,
1126,n,J_ust,그_냥,Seo Seok-woo,,388,0,0,0,0,male,y,0,0,2015,NULL,[],0,9/24/2015,12/29/1992,,0,none,0,0,0,,0,0,,,,,,,,,,,,,,
1127,y,J_ust + Wonpil,그_냥 + 원필,,,0,1126,1117,0,0,male,n,0,0,NULL,NULL,[],0,NULL,NULL,,0,none,0,0,0,,0,0,,,,,,,,,,,,,,
1128,n,Aalia,알리아,Park Ye-seo,,0,0,0,0,0,female,y,0,0,NULL,NULL,"{Y"":""UCLhoBSYb0cG5yZ1D9oQhB1Q""}""",0,12/26/2018,NULL,,0,none,0,0,0,,0,9170,,,,,,,,,,,,,,
1129,n,YESEO,예서,,,0,0,0,0,0,female,y,0,0,2016,NULL,"{Y"":""UCylZ2Jb1tTgB66LuGtmEBKg""}""",14299,7/26/2016,NULL,,0,none,0,0,0,,0,10300,,,,,,,,,,,,,,
1130,n,Lightsum,라잇썸,,,6,0,0,0,0,female,n,0,0,2021,NULL,"{T"":""CUBE_LIGHTSUM""","I:""cube_lightsum""","F:""LIGHTSUMOfficial""","Y:""UCeQlMQ-4cedE7SNmF5JsdsA""","V:""865F1B""","A:""lightsum\/1570093242""","S:""57HNdw2ObRmfwWHG8Xhs8t""","K:""Lightsum""","D:""lightsum""}""",14307,6/10/2021,NULL,,0,none,69559,0,0,,0,1,,,,,,
1131,y,Chung ha + Colde,청하 + 콜드,,,0,312,949,0,0,coed,n,0,0,NULL,NULL,[],0,NULL,NULL,,0,none,0,0,0,,0,0,,,,,,,,,,,,,,
1132,n,Yugyeom,유겸,Kim Yu-gyeom,,255,0,0,0,0,male,y,80,80,2018,NULL,"{T"":""real_Kimyugyeom""","I:""yu_gyeom""","A:""yugyeom\/1095901767""","C:""yugyeom17""}""",0,NULL,11/17/1997,,0,none,43906,0,0,,0,0,,,,,,,,,,,
1133,n,HOYA,호야,Lee Ho Won,,389,0,0,0,0,male,y,96,96,2018,NULL,"{K"":""Hoya_(singer)""","T:""HoWon_official""","I:""isayhousayya""","Y:""UCJkwwdpcNmmvIlbxfk0wEHA""}""",14341,3/28/1991,3/28/1991,Holy,0,none,10818,0,0,,0,1,,,,,,,,,,,
1136,y,Jinho + Kino,진호 + 키노,,,0,859,1058,0,0,male,n,0,0,NULL,NULL,[],0,NULL,NULL,,0,none,0,0,0,,0,0,,,,,,,,,,,,,,
1137,n,Minimani,미니마니,,,390,0,0,0,0,female,n,0,0,2021,NULL,"{I"":""minimani_instar""","Y:""UCKDEv25BLSa7Ph2aNaBDiMQ""","A:""minimani\/1570193975""","S:""43dysUCEkaz91NrndjOVHi""}""",14366,6/2/2021,NULL,,0,none,0,0,0,,0,7750,,,,,,,,,,,
1138,n,Bambam,뱀뱀,Kunpimook Bhuwakul,,281,0,0,0,0,male,y,80,80,2019,NULL,"{T"":""BAMBAMxABYSS""","I:""bambamxabyss""","F:""bambamxabyss""","Y:""UCHOet1pAQ-jlhonoQGqBf5g""","V:""869F13""","A:""bambam\/1571429711""","D:""idol\/bambam-got7""","S:""2p48L95TwEaYkSdn6R7LOr""}""",14408,6/15/2021,5/2/1997,,0,none,234012,0,0,,0,1390000,,,,,,,
1139,y,Kihyun + Joohoney,기현 + 주헌,,,0,812,846,0,0,male,n,0,0,NULL,NULL,[],0,NULL,NULL,,0,none,0,0,0,,0,0,,,,,,,,,,,,,,
1140,y,Kei + Joohoney,김지연 + 주헌,,,0,880,846,0,0,coed,n,0,0,NULL,NULL,[],0,NULL,NULL,,0,none,0,0,0,,0,0,,,,,,,,,,,,,,
1141,y,Brother Su + I.M,브라더수 + 아이엠,,,0,811,844,0,0,male,n,0,0,NULL,NULL,[],0,NULL,NULL,,0,none,0,0,0,,0,0,,,,,,,,,,,,,,
1142,n,Hui,후이,Lee Hoe-taek,Hwitaek; Huitaek; Hoetaek,6,0,0,0,0,male,y,280,280,2016,NULL,"{K"":""Hui_(singer)""","T:""CUBE_PTG""","I:""CUBE_PTG""","F:""pentagon.unitedcube""","Y:""UCw4NcAAtRsjL-cGlBrUnMTQ""","V:""F2C18D""","A:""pentagon\/1346387122""","W:""www.cubeent.co.kr\/pentagon""","S:""1wKpMkucynaTfG8lyPprYV""}""",0,NULL,8/28/1993,,0,none,0,0,0,,0,1660000,,,,,,
1143,y,Jinho + Hui,진호 + 후이,,,0,859,1142,0,0,male,n,0,0,NULL,NULL,[],0,NULL,NULL,,0,none,0,0,0,,0,0,,,,,,,,,,,,,,
1144,y,Hui + Kino,후이 + 키노,,,0,1142,1058,0,0,male,n,0,0,NULL,NULL,[],0,NULL,NULL,,0,none,0,0,0,,0,0,,,,,,,,,,,,,,
1145,n,Yeo One,여원,Yeo Chang-gu,,6,0,0,0,0,male,y,280,280,2016,NULL,"{K"":""Yeo_One""","T:""CUBE_PTG""","I:""9oo_sebumps""","F:""pentagon.unitedcube""","Y:""UCw4NcAAtRsjL-cGlBrUnMTQ""","V:""F2C18D""","A:""pentagon\/1346387122""","W:""www.cubeent.co.kr\/pentagon""","S:""1wKpMkucynaTfG8lyPprYV""}""",0,NULL,3/27/1996,,0,none,0,0,0,,0,1660000,,,,,,
1146,n,Super Junior-T,슈퍼주니어-티,,,1,0,0,0,0,male,n,189,189,2005,NULL,[],14483,2/23/2007,NULL,,0,none,0,0,0,,0,0,,,,,,,,,,,,,,
1147,n,Sungmin,성민,Lee Sung-min,Vincent Lee,1,0,0,0,0,male,y,189,189,2005,NULL,[],14508,11/22/2019,1/1/1986,,0,none,6182,0,0,,0,0,,,,,,,,,,,,,,
1148,n,COOING,쿠잉,,,355,0,0,0,0,female,y,0,0,2020,NULL,"{I"":""cooingchicken""","Y:""UCar4py83qTIXJnfrTuyupHQ""","V:""95AD31""","S:""2NMLIfATxdqFuhx2jHcir8""}""",14521,11/7/2020,3/15/1997,,0,none,0,0,0,,0,1,,,,,,,,,,,
1149,n,WJMK,우주미키,,,0,0,0,0,0,female,n,0,0,NULL,NULL,[],0,NULL,NULL,,0,none,0,0,0,,0,0,,,,,,,,,,,,,,
1150,y,Triple T,효연 + 이민영 + 조권,,Triple Trouble,0,253,1395,978,0,coed,n,0,0,NULL,NULL,[],0,NULL,NULL,,0,none,0,0,0,,0,0,,,,,,,,,,,,,,
1151,n,D-LITE,대성,Kang Dae-sung,Daesung,3,0,0,0,0,male,y,28,28,NULL,NULL,"{U"":""UCJGcf2ELEDC5fYeBdvpJ7Mg""","W:""www.ygbigbang.com\/daesung\/""}""",14573,6/16/2008,4/26/1989,,0,none,0,9,0,,0,0,,,,,,,,,,,,,
1152,n,Kwon Soon Il,권순일,,,0,0,0,0,0,male,y,214,0,2009,NULL,[],0,NULL,10/17/1988,,0,none,0,0,0,,0,0,,,,,,,,,,,,,,
1153,y,Gyeongree + It's,경리,,,0,307,0,0,0,female,n,0,0,NULL,NULL,[],0,NULL,NULL,,0,none,0,0,0,,0,0,,,,,,,,,,,,,,
1154,n,Tae Ho,태호,Kim Tae-ho,,15,0,0,0,0,male,y,325,325,2020,NULL,"{T"":""taeho_official""","I:""11taeho_1""","Y:""UC4E-Hkw0O-9ng-oLE5OjUzg""","A:""taeho\/877493506""","S:""6ZEJsYocPVxbGJAKM8w3zR""}""",14648,5/27/2021,11/1/1993,,0,none,0,0,0,,0,12000,,,,,,,,,,
1155,n,3RACHA,쓰리라차,,,14,0,0,0,0,male,n,288,288,2017,NULL,"{I"":""3racha""","Y:""UCIM6nufSHfOY0POkLofL2rQ""","C:""3RACHA""}""",0,1/18/2017,NULL,,0,none,0,0,0,,0,611000,,,,,,,,,,,,
1156,n,DK,도겸,Lee Seok-min,Dokyeom,9,0,0,0,0,male,y,171,171,2015,NULL,"{T"":""pledis_17""","I:""saythename_17""","F:""seventeennews""","Y:""UCfkXDY7vwkcJ8ddFGz8KusA""","V:""F99B3""","W:""www.pledis.co.kr\/html\/artist\/seventeen""}""",0,NULL,2/18/1997,,0,none,0,16,0,,0,7570000,,,,,,,,,
1157,y,Yang Da-il + DK,양다일 + 도겸,,,0,427,1156,0,0,male,n,0,0,NULL,NULL,[],0,NULL,NULL,,0,none,0,0,0,,0,0,,,,,,,,,,,,,,
1158,n,Isaac Hong,홍이삭,Isaac Hong,Hong Isaac,391,0,0,0,0,male,y,0,0,2010,NULL,"{I"":""pngisac""","A:""isaac-hong\/883955666""","W:""isachng.com\/""","S:""4bST03NJ0YEysocK5AV1wB""","F:""pngisac""","Y:""UCsnX5bnTB6NTzzXOguVcqZw""}""",0,1/30/2015,5/12/1988,,0,none,0,0,0,,0,12300,,,,,,,,,
1159,n,The VANE,더 베인,Chae Bo-Hoon,채보훈,392,0,0,0,0,male,y,0,0,2014,NULL,"{K"":""Chae_Bo-hun""","T:""TheVANE053""","I:""bohoonie""","F:""thevane053""","Y:""UCXsiRH_9fXtseHM-rw6oqWA""","A:""the-vane\/1053743572""","W:""cafe.naver.com\/thevane053""","S:""2zWjCnsFalXdhQ2jxb29Hw""}""",0,10/29/2015,8/23/1992,,0,none,0,0,0,,0,5980,,,,,,,
1160,n,Sha Sha,샤샤,,,393,0,0,0,0,female,n,0,0,2017,2019,"{A"":""sha-sha\/1326948037""","S:""1ZGasEoTvtlDWMYNztokOa""}""",0,2/27/2018,NULL,,0,none,0,0,0,,0,0,,,,,,,,,,,,,
1161,n,Roh Taehyun,노태현,Noh Tae-hyun,,158,0,0,0,0,male,y,395,395,2019,NULL,"{A"":""roh-tae-hyun\/1450479975""","S:""0e0xkZPYM9pfYSHvTz4HD6""}""",14843,1/24/2019,10/15/1993,,0,none,12252,0,0,,0,0,,,,,,,,,,,,,
1162,n,Song Heejin,송희진,Song Hee Jin,Song Hee-Jin,0,0,0,0,0,female,y,746,0,2015,NULL,"{I"":""jiniissong""","Y:""UCtolw1QSXxk_ZxLoL8eygKg""}""",0,NULL,8/19/1995,,0,none,0,10,0,,0,2940,,,,,,,,,,,,,
1163,n,Just B,저스트비,,,394,0,0,0,0,male,n,0,0,2021,NULL,"{T"":""JUSTB_Official""","I:""JUSTB_IG_official""","F:""JUSTBOfficialFB""","Y:""UCcpodGf_wkyawcTc-fXa82g""","A:""just-b\/1573699563""","S:""2f0bPttugNpkg34HIxBIWe""","K:""JUST_B""","V:""84BF4F""","D:""just-b""}""",14892,6/30/2021,NULL,,0,none,49826,0,0,,0,306000,,,,,,
1164,n,Omega X,오메가엑스,,,395,0,0,0,0,male,n,0,0,NULL,NULL,"{T"":""OmegaX_official""","I:""OmegaX_official""","F:""OmegaX.spire""","Y:""UCHJsN50Lr5fyzokVnjhvZ8g""","A:""omega-x\/1574080700""","S:""2FJYWlqgtoiBtXpOy9GGIF""","V:""870F05""","D:""omega-x""}""",14895,6/30/2021,NULL,,0,none,163249,0,0,"{SMA"":1}""",1,209000,,,,,,,
1165,n,Second Aunt KimDaVi,둘째이모 김다비,Kim Shin-young,,0,0,0,0,0,female,y,890,0,2020,NULL,"{A"":""second-aunt-kimdavi\/1511444610""","S:""2XrCYhwuq6x15QFddD1gQv""}""",0,5/1/2020,12/20/1983,,0,none,0,0,0,,0,0,,,,,,,,,,,,,
1166,y,Second Aunt KimDaVi + ITZY,둘째이모 김다비 + 있지,,,0,1165,460,0,0,female,n,0,0,NULL,NULL,[],0,NULL,NULL,,0,none,0,0,0,,0,0,,,,,,,,,,,,,,
1168,n,Swings,스윙스,Moon Ji-hoon,,257,0,0,0,0,male,y,0,0,2008,NULL,"{K"":""Swings_(rapper)""","T:""itsjustswings""","I:""itsjustswings""","F:""iamswings""","Y:""UC9FAi5CfRQ7CoG7Rxx2RMcA""","U:""SwingsUnlimited""}""",0,NULL,10/14/1986,,0,none,500,51,0,,0,236000,,,,,,,,,
1169,n,Flowsik,플로우식,Jay Pak,Pak Dae-sik,0,0,0,0,0,male,y,0,0,2010,NULL,"{K"":""Flowsik""","T:""flowsik""","I:""jayflowsik""","F:""flowsikmusic""","U:""OfficialFlowsikDAE1""","C:""officialflowsik""}""",0,NULL,4/5/1985,,0,none,0,0,0,,0,0,,,,,,,,,
1170,n,Punchnello,펀치넬로,Lee Yeong-sin,,255,0,0,0,0,male,y,0,0,2016,NULL,"{K"":""Punchnello""","T:""fkuropinion""","I:""fkuropinion""","F:""lee.youngsin.7""","W:""www.aomgofficial.com\/punchnello""","C:""031_punchnello""}""",0,9/8/2016,5/28/1997,,0,none,0,2,0,,0,0,,,,,,,,,
1171,y,DPR Live + Sik-K + Punchnello + Flowsik,디피알 라이브 + 식케이 + 펀치넬로 + 플로우식,,,0,730,737,1170,1169,male,n,0,0,NULL,NULL,[],0,NULL,NULL,,0,none,0,0,0,,0,0,,,,,,,,,,,,,,
1172,y,Simon Dominic + Loco,사이먼 도미닉 + 로꼬,,,0,879,428,0,0,male,n,0,0,NULL,NULL,[],0,NULL,NULL,,0,none,0,0,0,,0,0,,,,,,,,,,,,,,
1173,y,B1A4 + Oh My Girl + ONF,비원에이포 + 오마이걸 + 온앤오프,,Hello! WM,0,23,152,464,0,coed,n,0,0,NULL,NULL,[],0,NULL,NULL,,0,none,0,0,0,,0,0,,,,,,,,,,,,,,
1174,n,Kim Beom,김범,Kim Sang-bum,Kim Bum,5,0,0,0,0,male,y,0,0,2006,NULL,"{K"":""Kim_Bum""","T:""Actorkimbeom""","I:""k.kbeom""","F:""kimbeom""","A:""kim-bum\/351545493""","W:""starship-ent.com\/profile\/artists\/kimbeom.php""","S:""28xsvDnuHY8Z9Xjb9AQcmt""}""",15029,6/20/2012,7/7/1989,,0,none,0,0,0,,0,0,,,,,,,,
1175,n,Wonstein,원슈타인,Jeong Jiwon,,0,0,0,0,0,male,y,0,0,2014,NULL,"{I"":""jiwonstein""","U:""wlfkf0188""","C:""jiwonstein""}""",0,12/11/2018,5/6/1995,,0,none,0,11,0,,0,0,,,,,,,,,,,,
1176,n,Yebin,예빈,Baek Ye-bin,,4,0,0,0,0,female,y,55,295,2021,NULL,"{T"":""baekyebin""","I:""yebin_o3o""","D:""idol\/yebin-dia""","C:""midnight_yb""}""",0,7/7/2021,7/13/1997,,0,none,0,0,0,,0,0,,,,,,,,,,,
1177,n,Kim Woojin,김우진,Kim Woo-jin,,397,0,0,0,0,male,y,288,0,2021,NULL,"{T"":""woooojinn""","I:""woooojin0408""","F:""kimwoojin.official""","Y:""UCdhdg9ISE9OYvL8uR9gIzNw""","V:""941D63""","D:""idol\/woojin-stray-kids""}""",15681,NULL,4/8/1997,,0,none,15448,0,0,,0,524000,,,,,,,,,
1178,n,Kim Han Kyul,김한결,Kim Han Kyul,Kim Han Gyeol,398,0,0,0,0,male,y,0,0,2018,NULL,"{I"":""hankyul_star""","Y:""UCiYEjpaHj6XnKxYQ0CDMaxg""","S:""4IM7HvKcOcVtupJErX50Dl""}""",15107,6/6/2021,9/15/1988,,0,none,0,0,0,,0,4900,,,,,,,,,,,,
1179,n,Lee Sung-kyung,이성경,Lee Sung-kyung,Lee Sung Kyoung,3,0,0,0,0,female,y,0,0,2014,NULL,"{K"":""Lee_Sung-kyung""","I:""heybiblee""","Y:""UCRniIbg0c1odAZIFgK5mkqg""","U:""Heybiblee""","W:""www.ygfamily.com\/artist\/About.asp?LANGDIV=K&ATYPE=1&ARTIDX=60""}""",0,NULL,8/10/1990,,0,none,0,0,0,,0,245000,,,,,,,,,,
1180,y,Loco + Lee Sung-kyung,로꼬 + 이성경,,,0,428,1179,0,0,coed,n,0,0,NULL,NULL,[],0,NULL,NULL,,0,none,0,0,0,,0,0,,,,,,,,,,,,,,
1181,y,Onestar + Kim Jaehwan,임한별 + 김재환,,,0,1005,490,0,0,male,n,0,0,NULL,NULL,[],0,NULL,NULL,,0,none,0,0,0,,0,0,,,,,,,,,,,,,,
1182,n,NRG,엔알지,,New Radiancy Group,399,0,0,0,0,male,n,0,0,1996,2005,"{K"":""NRG_(South_Korean_band)""","I:""nrg_official_ig""","W:""cafe.daum.net\/NRGofficial""","T:""@NRG_official_""","F:""NRGFAGE""}""",15128,10/28/1997,NULL,Cheonjae Ilwoo,0,none,1674,0,0,"{GDA"":1}""",1,0,,,,,,,,,,
1183,n,PAPAYA,파파야,,,400,0,0,0,0,female,n,0,0,2000,2001,"{K"":""Papaya_(group)""}""",15148,8/16/2000,NULL,,0,none,0,0,0,,0,0,,,,,,,,,,,,,,
1184,n,Be.A,비에이,,Gamulchi; K-MUCH; Be Artist,16,0,0,0,0,male,n,0,0,2014,NULL,"{K"":""Be.A""","T:""BeA_chrome""","I:""be.a_official""","F:""chromeBeA""","W:""chrome-ent.co.kr\/?page_id=737""","Y:""UCrtc8O-b512LO0v_uLtfRFg""}""",15150,1/7/2014,NULL,,0,none,0,0,0,,0,18400,,,,,,,,,
1185,n,S.I.S,에스아이에스,,,401,0,0,0,0,female,n,0,0,2017,2021,"{T"":""SIS_twt""","I:""sis.xxent""","F:""sis6girls""","Y:""UCD472MQkXYn_fE8r8O3Xt_w""","V:""DA9493""","A:""s-i-s\/1275366831""","W:""xx-ent.com\/portfolio-posts\/sis\/""","S:""3UIi3l1xii1VXVjKpVrhXz""}""",0,8/25/2017,NULL,,0,none,2418,0,0,,0,6910,,,,,,,
1186,n,We In The Zone,위인더존,,,402,0,0,0,0,male,n,0,0,2019,NULL,"{T"":""WE_INTHE_ZONE""","F:""WeintheZone""","Y:""UCfi8qT8tm4VYCgcqO1kERGg""","V:""BA9893""","A:""we-in-the-zone\/1465570761""","W:""www.weinthezone.com\/""","S:""2aCSYXdXqJNaXk99vjYnkQ""}""",0,5/27/2019,NULL,,0,none,17157,0,0,,0,23400,,,,,,,,
1187,n,Park Hyekyeong,박혜경,Park Hye-kyeong,Hye-kyeong,0,0,0,0,0,female,y,0,0,NULL,NULL,[],0,NULL,NULL,,0,none,2491,13,0,,0,0,,,,,,,,,,,,,,
1188,n,Jo Deok-bae,조덕배,Jo Deok-bae,,0,0,0,0,0,male,y,0,0,NULL,NULL,[],0,NULL,8/21/1959,,0,none,0,0,0,,0,0,,,,,,,,,,,,,,
1189,n,Lee Ji-hoon,이지훈,Lee Ji-hoon,Yi Ji-hoon,0,0,0,0,0,male,y,0,0,1996,NULL,"{W"":""www.leejeehoon.co.kr\/""}""",0,10/15/1996,3/27/1979,,0,none,0,0,0,,0,0,,,,,,,,,,,,,,
1190,n,Shin Hye-sung,정필교,Jung Pil-kyo,Steve Jung,210,0,0,0,0,male,y,173,173,1998,NULL,"{K"":""Shin_Hye-sung""","W:""lworks.co.kr\/HYESUNG\/""","I:""shinhyesung_official""}""",0,5/6/2005,11/27/1979,,0,none,0,0,0,"{GDA"":2","MMA:1}""",3,0,,,,,,,,,,,
1191,y,Lee Ji-hoon + Shin Hye-sung,이지훈 + 정필교,,,0,1189,1190,0,0,male,n,0,0,NULL,NULL,[],0,NULL,NULL,,0,none,0,0,0,,0,0,,,,,,,,,,,,,,
1192,n,Shin Hyo-bum,신효범,Shin Hyo-bum,,0,0,0,0,0,female,y,0,0,1996,NULL,[],0,4/1/1994,1/18/1966,,0,none,0,4,0,,0,0,,,,,,,,,,,,,,
1193,n,Kim Hyun-sik,김현식,Kim Hyun-sik,,0,0,0,0,0,male,y,0,0,1980,NULL,[],0,NULL,1/7/1958,,0,none,0,0,0,,0,0,,,,,,,,,,,,,,
1194,n,Dongmulwon,동물원,,,0,0,0,0,0,male,n,0,0,1988,NULL,[],0,NULL,NULL,,0,none,0,0,0,,0,0,,,,,,,,,,,,,,
1195,n,Cool,쿨,,,0,0,0,0,0,coed,n,0,0,1994,NULL,[],0,7/1/1994,NULL,,0,none,3794,17,0,"{GDA"":4","SMA:1}""",5,0,,,,,,,,,,,,,
1196,n,Park Moonchi,박문치,Park Bo-min,Park Bomin,260,0,0,0,0,female,y,764,764,2017,NULL,"{I"":""moongch""","Y:""UCK2oojx4TnEl8562xnl52cw""}""",15212,8/23/2017,10/2/1996,,0,none,0,0,0,,0,35300,,,,,,,,,,,,,
1197,y,Young K + Park Moonchi,영케이 + 박문치,,,0,1120,1196,0,0,coed,n,0,0,NULL,NULL,[],0,NULL,NULL,,0,none,0,0,0,,0,0,,,,,,,,,,,,,,
1198,n,Kim Kyung-ho,김경호,Kim Kyung-ho,,0,0,0,0,0,male,y,0,0,1989,NULL,"{W"":""kimkyungho.com\/""}""",0,12/1/1995,6/7/1971,,0,none,0,30,0,,0,0,,,,,,,,,,,,,,
1199,n,Kim Kwang-seok,김광석,Kim Kwang-seok,,0,0,0,0,0,male,y,1194,0,1983,NULL,[],0,NULL,1/6/1964,,0,none,176977,9,0,,0,0,,,,,,,,,,,,,,
1200,n,Yang Joon-il,양준일,Yang Joon-il,John Yang; Yang Joon Il; Joon-il Yang; JIY,266,0,0,0,0,male,y,0,0,1991,NULL,[],0,NULL,8/19/1969,,0,none,4134,0,0,,0,0,,,,,,,,,,,,,,
1201,n,Yoon Sang,윤상,Lee Yoon-sang,,0,0,0,0,0,male,y,0,0,1987,NULL,"{W"":""www.yoonsang.net\/""}""",0,NULL,5/11/1968,,0,none,4608,2,0,"{KMA"":1}""",1,0,,,,,,,,,,,,,,
1202,n,Kim Shin Il,김신일,Kim Shin Il,,0,0,0,0,0,male,y,0,0,2000,NULL,[],0,11/11/2008,3/13/1972,,0,none,0,0,0,,0,0,,,,,,,,,,,,,,
1203,n,UN,유엔,,United N-generation,55,0,0,0,0,male,n,0,0,1999,2005,[],0,7/31/2000,NULL,,0,none,0,3,0,,0,0,,,,,,,,,,,,,,
1204,n,The Nuts,더 넛츠,,,24,0,0,0,0,male,n,0,0,2001,NULL,[],0,NULL,NULL,,0,none,0,8,0,,0,0,,,,,,,,,,,,,,
1205,n,Sim Soo-bong,심수봉,Sim Min-kyung,,0,0,0,0,0,female,y,0,0,1978,NULL,"{W"":""www.simsoobong.com\/""}""",0,NULL,8/24/1950,,0,none,5613,0,0,,0,0,,,,,,,,,,,,,,
1206,n,Han Young Ae,한영애,Han Young-ae,,0,0,0,0,0,female,y,0,0,1986,NULL,[],0,NULL,NULL,,0,none,474,0,0,,0,0,,,,,,,,,,,,,,
1207,n,Joo Hyun Mi,주현미,Joo Hyun-mi,Choo Hyun-mi; Ju Hyun-mi; Zhou Xuan Mei,0,0,0,0,0,female,y,0,0,1984,NULL,"{W"":""www.juhyunmi.com\/""}""",0,NULL,11/5/1961,,0,none,0,0,0,,0,0,,,,,,,,,,,,,,
1208,n,Big Mama,빅마마,,,30,0,0,0,0,female,n,0,0,2003,NULL,[],0,2/6/2003,NULL,,0,none,0,79,0,"{GDA"":1",MAMA:1,"SMA:1}""",3,0,,,,,,,,,,,,
1209,n,Hoony,후니,Lee Seung-hoon,Seunghoon,3,0,0,0,0,male,y,217,217,2011,NULL,[],0,NULL,1/11/1992,,0,none,0,0,0,,0,0,,,,,,,,,,,,,,
1210,n,Jeong Hyo Bean,정효빈,,,403,0,0,0,0,female,y,0,0,2019,NULL,"{T"":""hyobean_""","I:""_hyo_bbi""","F:""hyobean.official""","U:""UC57Llyq4HdPl7X2n4kVhd8Q""","W:""cafe.daum.net\/hyobean.official""}""",15220,4/16/2019,5/2/2000,,0,none,0,1,0,,0,0,,,,,,,,,,
1211,n,Moon Myung Jin,문명진,Moon Myung-jin,,0,0,0,0,0,male,y,0,0,NULL,NULL,[],0,NULL,4/23/1977,,0,none,0,17,0,,0,0,,,,,,,,,,,,,,
1212,n,Leeds,리즈,Um Ji-sun,,0,0,0,0,0,female,y,0,0,2000,NULL,[],0,NULL,12/30/1977,,0,none,0,0,0,,0,0,,,,,,,,,,,,,,
1213,n,Kim Yong Im,김용임,Kim Yong-im,,0,0,0,0,0,female,y,0,0,1980,NULL,[],0,NULL,NULL,,0,none,0,0,0,,0,0,,,,,,,,,,,,,,
1214,n,BZ BOYS,청공소년,,Blue Zone Boys,16,0,0,0,0,male,n,0,0,2019,NULL,"{T"":""Bz_Boys""","I:""bz_boys""","F:""BzBoys""","Y:""UCMkF19lMklzWxDrdj4y09hQ""","V:""ACDA4B""","A:""bz-boys\/1468858015""","S:""73FA33YtQWdPuswF6u7u4D""}""",15235,6/17/2019,NULL,BLUENESS,0,none,0,0,0,,0,29900,,,,,,,,
1215,n,Cho Wonsang,조원상,Cho Wonsang,,8,0,0,0,0,male,y,662,662,2020,NULL,"{I"":""ch0_w0n""","A:""cho-won-sang\/1464115272""","S:""4Y2Y16ZbuG46gyN1nALAXd""}""",0,NULL,8/15/1996,,0,none,0,0,0,,0,0,,,,,,,,,,,,
1216,n,D.COY,디코이,,,404,0,0,0,0,male,n,0,0,2020,NULL,"{T"":""dcoy_official""","I:""d.coy_official""","F:""BANDD.COY""","Y:""UCrs8wVREAf2lghaSf57f8LQ""","V:""B42961""","A:""d-coy\/1499658486""","S:""3K9r1j7v9wKT9zJ2Xo9Dgk""}""",0,2/19/2020,NULL,D.YOU,0,none,0,0,0,,0,6220,,,,,,,,
1217,n,Park Saebyul,박새별,Park Saebyul,Park Sae-byul,300,0,0,0,0,female,y,0,0,2008,NULL,"{K"":""Park_Sae-byul""}""",0,11/13/2008,10/24/1985,,0,none,0,1,0,,0,0,,,,,,,,,,,,,,
1218,n,DPR CREAM,디피알 크림,Kim Kyungmo,,0,0,0,0,0,male,y,0,0,2019,NULL,"{T"":""_DPRCREAM""","I:""dprcream""","A:""dpr-cream\/1342609626""","S:""7bPplWv4cZ1q26UY2Wmcvw""}""",0,7/5/2019,1/3/1988,,0,none,0,0,0,,0,0,,,,,,,,,,,
1219,y,DPR Live + DPR CREAM,디피알 라이브 + 디피알 크림,,,0,730,1218,0,0,male,n,0,0,NULL,NULL,[],0,NULL,NULL,,0,none,0,0,0,,0,0,,,,,,,,,,,,,,
1220,n,Kang Min-hee,강민희,Kang Min hee,Kang Minhee,122,0,0,0,0,female,y,0,0,NULL,NULL,"{K"":""Kang_Min-hee""}""",0,11/18/2008,12/29/1991,,0,none,0,3,0,,0,0,,,,,,,,,,,,,,
1221,n,TIM,팀,Hwang Young-min,Tim Hwang,0,0,0,0,0,male,y,0,0,2003,NULL,"{K"":""Tim_(singer)""}""",0,3/1/2003,12/23/1981,,0,none,3288,14,0,,0,0,,,,,,,,,,,,,,
1222,y,DPR Live + Gray,디피알 라이브 + 그레이,,,0,730,792,0,0,male,n,0,0,NULL,NULL,[],0,NULL,NULL,,0,none,0,0,0,,0,0,,,,,,,,,,,,,,
1223,y,DPR Live + Crush + eaJ,디피알 라이브 + 크러쉬 + 제,,,0,730,49,840,0,male,n,0,0,NULL,NULL,[],0,NULL,NULL,,0,none,0,0,0,,0,0,,,,,,,,,,,,,,
1224,y,GB9 + Park BoRam,길구봉구 + 박보람,,,0,437,155,0,0,coed,n,0,0,NULL,NULL,[],0,NULL,NULL,,0,none,0,0,0,,0,0,,,,,,,,,,,,,,
1225,n,Clon,클론,,Hyun Jin Young and Wawa,0,0,0,0,0,male,n,0,0,1990,NULL,[],0,NULL,NULL,,0,none,0,0,0,,0,0,,,,,,,,,,,,,,
1226,n,Do Won-Kyung,도원경,Kim Sung-hye,,0,0,0,0,0,female,y,0,0,NULL,NULL,"{I"":""dowonkyung1""}""",0,NULL,2/6/1973,,0,none,0,0,0,,0,0,,,,,,,,,,,,,,
1227,n,Deulgukhwa,들국화,,,0,0,0,0,0,male,n,0,0,1985,2013,[],0,NULL,NULL,,0,none,7226,0,0,,0,0,,,,,,,,,,,,,,
1228,n,Lee Tzsche,리채,Lee Sang-eun,,0,0,0,0,0,female,y,0,0,1988,NULL,[],0,NULL,3/12/1970,,0,none,0,0,0,,0,0,,,,,,,,,,,,,,
1229,n,Yang Hee-eun,양희은,Yang Hee-eun,,0,0,0,0,0,female,y,0,0,1971,NULL,[],0,NULL,8/13/1952,,0,none,1581,0,0,,0,0,,,,,,,,,,,,,,
1230,n,Jeong Mi-Jo,정미조,Jeong Mi-jo,Jung Mi-jo,0,0,0,0,0,female,y,0,0,NULL,NULL,[],0,NULL,5/2/1949,,0,none,948,0,0,,0,0,,,,,,,,,,,,,,
1231,n,Kim Wan-sun,김완선,Kim I-sun,,0,0,0,0,0,female,y,0,0,1986,NULL,[],0,4/11/1986,5/16/1969,,0,none,1252,2,0,,0,0,,,,,,,,,,,,,,
1232,n,Yeojin,여진,Namgun Eun-young,,0,0,0,0,0,female,y,0,0,NULL,NULL,[],0,NULL,1/1/1958,,0,none,0,0,0,,0,0,,,,,,,,,,,,,,
1233,n,Kim Gun-mo,김건모,Kim Gun-mo,,0,0,0,0,0,male,y,0,0,1992,NULL,[],0,NULL,1/13/1968,,0,none,20312,40,0,"{GDA"":1","SMA:2}""",3,0,,,,,,,,,,,,,
1234,n,Light & Salt,빛과 소금,,,0,0,0,0,0,male,n,0,0,1990,NULL,[],0,NULL,NULL,,0,none,0,0,0,,0,0,,,,,,,,,,,,,,
1235,n,Na Hoon-a,나훈아,Choe Hong-gi,,0,0,0,0,0,male,y,0,0,1966,NULL,[],0,NULL,2/11/1947,,0,none,797,2,0,,0,0,,,,,,,,,,,,,,
1236,n,Jin Si Mon,진시몬,Jin Si-mon,,0,0,0,0,0,male,y,0,0,NULL,NULL,[],0,NULL,10/29/1969,,0,none,0,0,0,,0,0,,,,,,,,,,,,,,
1237,y,Orange Caramel + NU'EST,오렌지캬라멜 + 뉴이스트,,,0,153,151,0,0,coed,n,0,0,NULL,NULL,[],0,NULL,NULL,,0,none,0,0,0,,0,0,,,,,,,,,,,,,,
1238,y,Cheeze + Stella Jang,치즈 + 스텔라장,,,0,776,317,0,0,female,n,0,0,NULL,NULL,[],0,NULL,NULL,,0,none,0,0,0,,0,0,,,,,,,,,,,,,,
1239,n,Rumble-G,럼블-G,,,405,0,0,0,0,female,n,0,0,2021,NULL,"{T"":""RumbleG3""","I:""rumble_zone""","A:""rumble-g\/1576145906""}""",15283,7/14/2021,NULL,,0,none,0,0,0,,0,0,,,,,,,,,,,,
1240,y,Rain + MONSTA X + Brave Girls + ATEEZ,비 + 몬스타엑스 + 브레이브걸스 + 에이티즈,,,0,259,143,36,463,coed,n,0,0,NULL,NULL,[],0,NULL,NULL,,0,none,0,0,0,,0,0,,,,,,,,,,,,,,
1241,n,E.SO,이소,Seo Yoo-ri,,295,0,0,0,0,female,y,229,229,2019,NULL,"{T"":""ESOofficial_""","I:""e.so_official""}""",0,7/15/2021,11/26/1997,,0,none,0,0,0,,0,0,,,,,,,,,,,,,
1242,y,Hellovenus + ASTRO + Weki Meki,헬로비너스 + 아스트로 + 위키미키,,,0,83,20,271,0,coed,n,0,0,NULL,NULL,[],0,NULL,NULL,,0,none,0,0,0,,0,0,,,,,,,,,,,,,,
1243,n,LANA,라나,,,0,0,0,0,0,female,y,0,0,NULL,NULL,"{T"":""Hicc_LANA""","I:""23.11_""","Y:""UCZHkDuADrVzjQavztFB_JEw""}""",15309,6/27/2019,11/23/1996,Luminous,0,none,0,0,0,,0,211000,,,,,,,,,,,,
1244,y,DinDin + Min Kyung Hoon,딘딘 + 민경훈,,,0,964,794,0,0,male,n,0,0,NULL,NULL,[],0,NULL,NULL,,0,none,0,0,0,,0,0,,,,,,,,,,,,,,
1245,n,BLANC7,블랑세븐,,,0,0,0,0,0,male,n,0,0,2017,2019,[],15341,3/3/2017,NULL,,0,none,0,0,0,,0,0,,,,,,,,,,,,,,
1246,y,Mamamoo + Bumkey,마마무 + 범키,,,0,138,781,0,0,coed,n,0,0,NULL,NULL,[],0,NULL,NULL,,0,none,0,0,0,,0,0,,,,,,,,,,,,,,
1247,y,K.will + Mamamoo,케이윌 + 마마무,,,0,114,138,0,0,coed,n,0,0,NULL,NULL,[],0,NULL,NULL,,0,none,0,0,0,,0,0,,,,,,,,,,,,,,
1248,n,SOLE,쏠,Lee So Ri,,244,0,0,0,0,female,y,0,0,2017,NULL,"{T"":""sounditsme""","I:""sounditsme""","F:""sounditsme""","Y:""UCap4yv9yICro1qD8WOkrYRw""","A:""sole\/1305620476""","C:""sounditsme""","S:""6naXFodImN2DwRmKCQHAUt""}""",15462,11/3/2017,10/5/1993,,0,none,0,0,0,,0,48900,,,,,,,,
1249,n,Elaine,일레인,Kim Joo Eun,Elaine Kim;Kim Ju Eun,91,0,0,0,0,female,y,0,0,2014,NULL,"{I"":""jedoesall""","Y:""UC2JPUUpgCHJOEQ3PWpm-J6w""","U:""jedoesall""}""",0,9/15/2014,11/9/1994,,0,none,0,0,0,,0,23200,,,,,,,,,,,,
1250,n,MSG Wannabe,MSG워너비,,,406,0,0,0,0,male,n,0,0,2021,NULL,"{K"":""MSG_Wannabe""}""",0,6/26/2021,NULL,,0,none,0,64,5,,0,0,,,,,,,,,,,,,,
1251,n,MSG Wannabe (M.O.M),MSG워너비(M.O.M),,Men of Music,406,0,0,0,0,male,n,1250,1250,2021,NULL,"{K"":""MSG_Wannabe""}""",0,6/26/2021,NULL,,0,none,0,0,0,,0,0,,,,,,,,,,,,,,
1252,n,Daedo,대도서관,,,0,0,0,0,0,male,y,0,0,NULL,NULL,[],0,NULL,NULL,,0,none,0,0,0,,0,0,,,,,,,,,,,,,,
1253,y,Daedo + AleXa,대도서관 + 알렉사,,,0,1252,574,0,0,coed,n,0,0,NULL,NULL,[],0,NULL,NULL,,0,none,0,0,0,,0,0,,,,,,,,,,,,,,
1254,n,Mark,마크,Lee Min Hyung,Mark Lee;이민형,1,0,0,0,0,male,y,150,714,2017,NULL,"{I"":""onyourm__ark""","W:""nct.smtown.com""}""",0,4/4/2016,8/2/1999,NCTzen,0,none,0,4,0,,0,0,,,,,,,,,,,,,
1255,y,Xiumin + Mark,시우민 + 마크,,,0,502,1254,0,0,male,n,0,0,NULL,NULL,[],0,NULL,NULL,,0,none,0,0,0,,0,0,,,,,,,,,,,,,,
1256,y,Parc Jae Jung + Mark,박재정 + 마크,,,0,942,1254,0,0,male,n,0,0,NULL,NULL,[],0,NULL,NULL,,0,none,0,0,0,,0,0,,,,,,,,,,,,,,
1257,y,Joy + Mark,조이 + 마크,,,0,393,1254,0,0,coed,n,0,0,NULL,NULL,[],0,NULL,NULL,,0,none,0,0,0,,0,0,,,,,,,,,,,,,,
1258,n,HAE EUN,해은,,,0,0,0,0,0,female,y,0,0,2021,NULL,"{I"":""s2zure""","Y:""UCU8t5xJPJmC62CBruL7Fj7A""","C:""s2zure""}""",0,NULL,NULL,,0,none,0,0,0,,0,159,,,,,,,,,,,,
1259,n,Daehyeon,장대현,Jang Dae hyeon,대현,229,0,0,0,0,male,y,272,685,2019,NULL,"{T"":""JDH__official""","I:""daehyeon0211""}""",15438,10/12/2017,2/11/1997,,0,none,2874,0,0,,0,0,,,,,,,,,,,,,
1260,n,CICI,씨씨,,C!Ci,407,0,0,0,0,male,n,0,0,2019,NULL,"{T"":""CICI_official_""","I:""cici_official_upvote""","F:""official.cici""","D:""cici""}""",0,6/27/2019,NULL,,0,none,0,0,0,,0,0,,,,,,,,,,,
1261,y,Eddy Kim + Solar,에디킴 + 솔라,,,0,381,273,0,0,coed,n,0,0,NULL,NULL,[],0,NULL,NULL,,0,none,0,0,0,,0,0,,,,,,,,,,,,,,
1262,y,Moonbyul + Solar,문별 + 솔라,,,0,296,273,0,0,female,n,0,0,NULL,NULL,[],0,NULL,NULL,,0,none,0,0,0,,0,0,,,,,,,,,,,,,,
1263,n,So Chan-whee,소찬휘,Kim Kyoung-hee,So Chanwhee,0,0,0,0,0,female,y,0,0,1996,NULL,"{W"":""www.chanwhee.co.kr\/""}""",15450,1/23/1996,1/20/1972,,0,none,0,9,0,,0,0,,,,,,,,,,,,,,
1264,y,Lay + NCT 127,레이 + 엔시티 127,,,0,127,148,0,0,male,n,0,0,NULL,NULL,[],0,NULL,NULL,,0,none,0,0,0,,0,0,,,,,,,,,,,,,,
1265,y,BabySoul + Yoo Jia,베이비소울,,,0,881,0,0,0,female,n,0,0,NULL,NULL,[],15506,1/7/2012,NULL,,0,none,0,0,0,,0,0,,,,,,,,,,,,,,
1266,n,Narin,나린,,아카펠라 나린,0,0,0,0,0,coed,n,0,0,2010,NULL,"{I"":""group_narin""","F:""groupnarin""","Y:""UCzpQ12GF06yxrb0HwR2Jvdw""","A:""narin\/658362088""","S:""6pSRC14v209jerz23dmpuC""}""",0,NULL,NULL,,0,none,0,0,0,,0,461000,,,,,,,,,,
1267,n,Nada,나다,Yoon Ye-jin,윤예진,312,0,0,0,0,female,y,747,0,NULL,NULL,[],0,NULL,5/24/1991,,0,none,0,4,0,,0,0,,,,,,,,,,,,,,
1268,y,T-ara + The SeeYa + F-ve dolls + SPEED,티아라 + 더 씨야 + 파이브돌스 + 스피드,,,0,193,936,8,183,coed,n,0,0,NULL,NULL,[],0,NULL,NULL,,0,none,0,0,0,,0,0,,,,,,,,,,,,,,
1269,n,Skyle,스카이리,,,408,0,0,0,0,female,n,0,0,2021,NULL,"{T"":""official_skyle""","I:""official_skyle""","F:""SKYLE""","Y:""UCForR8SMSeqReZYVdSTAewA""","A:""skyle\/1579263372""","S:""2BYaUc3B2gpM0HMxa9Pr1R""}""",15638,8/4/2021,NULL,,0,none,0,0,0,,0,1,,,,,,,,,
1270,n,SOOYOON,수윤,Kim Soo-yoon,EXSY; 액시,0,0,0,0,0,male,y,236,236,2013,NULL,"{I"":""sooyoon_kim""}""",0,NULL,12/17/1989,,0,none,0,0,0,,0,0,,,,,,,,,,,,,,
1271,y,Jay Park + pH-1,박재범 + 박준원,,,0,388,732,0,0,male,n,0,0,NULL,NULL,[],0,NULL,NULL,,0,none,0,0,0,,0,0,,,,,,,,,,,,,,
1272,y,Punch + Mad Clown,펀치 + 매드클라운,,,0,433,137,0,0,coed,n,0,0,NULL,NULL,[],0,NULL,NULL,,0,none,0,0,0,,0,0,,,,,,,,,,,,,,
1273,n,J.UNA,제이유나,Park Jun-ha,,281,0,0,0,0,male,y,0,0,2019,NULL,"{I"":""j.unanana""","U:""\uc81c\uc774\uc720\ub098official""","C:""wllgqazdpiwz""","Y:""UChjDDM-lReDip-EEqjV597g""}""",0,NULL,1/27/1996,,0,none,0,0,0,,0,2060,,,,,,,,,,,
1274,n,KIMMUSEUM,김뮤지엄,,,0,0,0,0,0,male,y,0,0,2018,NULL,"{I"":""avantgardeinthemuseum""","Y:""UCpXI0DzrdtlppFSkSAsg0aw""}""",0,4/9/2018,NULL,,0,none,0,0,0,,0,9160,,,,,,,,,,,,,
1275,n,Peak & Pitch,피크엔피치,,,0,0,0,0,0,male,n,826,826,2021,NULL,"{Y"":""UCok2jqwu8TQ6W37bxVkSuBA""","A:""peak-pitch\/1579808900""","S:""7jvA8IpfYPHQfT115gbucB""}""",0,NULL,NULL,,0,none,0,0,0,,0,217000,,,,,,,,,,,,
1276,y,777,써드아이 + 비아이지,,Triple7; Triple Seven,0,525,322,0,0,coed,n,0,0,2021,NULL,"{T"":""Triple7_twt""","I:""triple7.official""","Y:""UCjZKygSRqYc3ILffYwtboTg""","A:""777-triple-seven\/1579655156""","S:""1Y5rgGFlx3ws6zMNoqxa4G""}""",15904,8/10/2021,NULL,,0,none,0,0,0,,0,46900,,,,,,,,,,
1277,n,Dasom,다솜,Kim Da-som,,409,0,0,0,0,female,y,174,0,2014,NULL,"{I"":""som0506""","A:""dasom\/714601325""","S:""6xxFNpc17jiiVZzOCgdLyv""}""",0,NULL,5/6/1993,,0,none,0,0,0,,0,0,,,,,,,,,,,,
1278,y,Hyolyn + Dasom,효린 + 다솜,,,0,88,1277,0,0,female,n,0,0,NULL,NULL,[],0,NULL,NULL,,0,none,0,0,0,,0,0,,,,,,,,,,,,,,
1279,n,Hi-L,하이엘,,,225,0,0,0,0,female,n,0,0,2021,NULL,"{T"":""HI_L_official""","I:""hi_l_official""","F:""Hi-L-104829605149985""","Y:""UCqcWjcxLqStomJCJC6pqi1Q""}""",15918,8/11/2021,NULL,,0,none,0,0,0,,0,1,,,,,,,,,,,
1280,y,Ha Hyun Woo + Kim Yuna,하현우,,,0,613,0,0,0,male,n,0,0,NULL,NULL,[],0,NULL,NULL,,0,none,0,0,0,,0,0,,,,,,,,,,,,,,
1281,n,Shin Hae-chul,신해철,Shin Hae-chul,,0,0,0,0,0,male,y,0,0,1988,NULL,[],0,NULL,5/6/1968,,0,none,4329,4,0,,0,0,,,,,,,,,,,,,,
1282,n,Makamaka,마카마카,,,410,0,0,0,0,female,n,0,0,2020,NULL,"{T"":""makamaka_world""","I:""maka_maka.official""","Y:""UC1DGIB22hXPGj18ag-Z5cyg""","V:""9ABC8F""","A:""maka-maka\/1525494355""","S:""3xuHnufu1QYfi9k0xzLkF8""}""",15944,8/4/2020,NULL,,0,none,0,0,0,,0,1,,,,,,,,,
1283,n,Way Ched,웨이체드,Ahn Byeong-gyu,,308,0,0,0,0,male,y,0,0,2018,NULL,"{I"":""way_ched""}""",0,6/12/2018,5/20/1997,,0,none,0,0,0,,0,0,,,,,,,,,,,,,,
1284,y,Changmo + Ash Island + Way Ched + Hash Swan + Keem Hyoeun + Leellamarz + The Quiett,창모 + 애쉬 아일랜드 + 웨이체드,,,0,550,965,1283,0,male,n,0,0,NULL,NULL,[],0,NULL,NULL,,0,none,0,0,0,,0,0,,,,,,,,,,,,,,
1285,y,HIGH4 + Lim Kim,하이포 + 김예림,,,0,783,133,0,0,coed,n,0,0,NULL,NULL,[],0,NULL,NULL,,0,none,0,0,0,,0,0,,,,,,,,,,,,,,
1286,n,High4 20,하이포투엔티,,,23,0,0,0,0,male,n,783,783,2016,NULL,"{A"":""high4-20\/1161599291""","S:""6g9tPD43DUJGf2kcJ8oJCg""}""",0,10/3/2016,NULL,,0,none,2875,0,0,,0,0,,,,,,,,,,,,,
1287,y,Kim Jong Kook + ATEEZ,김종국 + 에이티즈,,,0,1085,463,0,0,male,n,0,0,NULL,NULL,[],0,NULL,NULL,,0,none,0,0,0,,0,0,,,,,,,,,,,,,,
1288,n,Fei,페이,Wang Feifei,,0,0,0,0,0,female,y,142,0,NULL,NULL,[],0,NULL,4/27/1987,,0,none,0,0,0,,0,0,,,,,,,,,,,,,,
1289,n,N.tic,엔티크,,J-Peace;New-Ace,0,0,0,0,0,male,n,0,0,2018,NULL,"{T"":""ntic_official""","I:""ntic_official""","F:""nticofficial""}""",0,2/26/2018,NULL,,0,none,0,0,0,,0,0,,,,,,,,,,,,
1290,n,Luminous,루미너스,,,0,0,0,0,0,male,n,0,0,2019,NULL,"{I"":""lmn5_official""","Y:""UCFFrS4oBVYCSY6Y_B2CDnHQ""","W:""lmns.co.kr\/""}""",16538,9/9/2021,NULL,,0,none,0,0,0,,0,1,,,,,,,,,,,,
1291,n,Hondam,혼담,Kwak Soojin,곽수진,0,0,0,0,0,female,y,0,0,2013,NULL,"{I"":""hondam_xx""","Y:""UCNWAZnVgQ1P4mQseuWcr5rw""}""",0,9/13/2013,4/10/1993,,0,none,0,0,0,,0,2510,,,,,,,,,,,,,
1292,n,Eunbi,은비,Kwon Eunbi,"Kwon Eun-bi,권은비",34,0,0,0,0,female,y,337,0,2014,NULL,"{K"":""Kwon_Eun-bi""","I:""eunbi.izone""","Y:""UCoCvj_VhZPOtttlJK7RCh2A""}""",0,NULL,9/27/1995,,0,none,58183,0,0,,0,142000,,,,,,,,,,,,
1293,n,Hyewon,혜원,Kang Hye Won,,199,0,0,0,0,female,y,337,0,2018,NULL,"{T"":""hyemu_official""","I:""hyemhyemu""","Y:""UCGsmowjz7ctm9jiKbnmF8EA""}""",0,8/24/2021,NULL,,0,none,0,0,0,,0,461000,,,,,,,,,,,,
1294,n,Klang,클랑,Park Da Eun,박다은,0,0,0,0,0,female,y,0,0,2017,NULL,[],0,NULL,11/5/1990,,0,none,0,0,0,,0,0,,,,,,,,,,,,,,
1295,n,KISSXS,키세스,Seo Jungwon,"서정원,KISSES",196,0,0,0,0,female,y,0,0,2017,NULL,"{I"":""_kissxs_""","Y:""UC-fURf4lKouYhgAEb8SQazg""}""",16223,11/30/2017,8/6/1997,,0,none,0,0,0,,0,379,,,,,,,,,,,,,
1296,n,Yuto,유토,Adachi Yuto,,6,0,0,0,0,male,y,280,280,2016,NULL,"{T"":""cube_ptg""","I:""yuto_dachi""","F:""pentagon.unitedcube""","Y:""UCw4NcAAtRsjL-cGlBrUnMTQ""","V:""F2C18D""","A:""pentagon\/1346387122""","W:""www.cubeent.co.kr\/pentagon""","C:""yuto_adachi""","S:""1wKpMkucynaTfG8lyPprYV""}""",0,NULL,1/23/1998,,0,none,0,0,0,,0,1660000,,,,,,
1297,n,Wooseok,우석,Jung Wooseok,,6,0,0,0,0,male,y,280,280,2016,NULL,"{T"":""cube_ptg""","I:""cube_ptg""","F:""pentagon.unitedcube""","Y:""UCw4NcAAtRsjL-cGlBrUnMTQ""","V:""F2C18D""","A:""pentagon\/1346387122""","W:""www.cubeent.co.kr\/pentagon""","S:""1wKpMkucynaTfG8lyPprYV""}""",0,NULL,1/31/1998,,0,none,0,0,0,,0,1660000,,,,,,,
1298,y,Yuto + Wooseok,유토 + 우석,,,0,1296,1297,0,0,male,n,0,0,NULL,NULL,[],0,NULL,NULL,,0,none,0,0,0,,0,0,,,,,,,,,,,,,,
1299,y,Yuto + Kino + Wooseok,유토 + 키노 + 우석,,,0,1296,1058,1297,0,male,n,0,0,NULL,NULL,[],0,NULL,NULL,,0,none,0,0,0,,0,0,,,,,,,,,,,,,,
1300,n,Lee Chan Won,이찬원,Lee Chan-Won,,0,0,0,0,0,male,y,0,0,NULL,NULL,[],0,NULL,NULL,,0,none,111387,3,0,,0,0,,,,,,,,,,,,,,
1301,n,Pritti-G,프리티지,,,412,0,0,0,0,female,n,0,0,2021,NULL,"{I"":""official_prittig""","Y:""UC9Zdit-LdjPdX4XABNDGqiA""","A:""pritti-g\/1583155614""","S:""6FjPyMdTzb47sM71jLvoWT""}""",0,8/31/2021,NULL,,0,none,0,0,0,,0,95800,,,,,,,,,,,
1302,n,Kairos,카이로스,,,299,0,0,0,0,male,n,0,0,2021,NULL,"{I"":""official.kairos_""}""",0,9/1/2021,NULL,,0,none,0,0,0,,0,0,,,,,,,,,,,,,,
1303,n,F.able,페이블,,,411,0,0,0,0,male,n,0,0,2020,NULL,"{T"":""official_F_able""","I:""f_able_official""","Y:""UCqVFr_TPnBNUZGfrG9frzjQ""","V:""9D0C45""}""",16320,6/5/2020,NULL,Fairies,0,none,0,0,0,,0,3470,,,,,,,,,,,
1304,n,Shin Mi Rae,Shin Mi Rae,신미래,,0,0,0,0,0,female,y,0,0,NULL,NULL,"{I"":""mirae_n.n""","Y:""UC870y_fNHomBDAxlyTaUbPA""}""",0,NULL,8/17/1990,,0,none,0,0,0,,0,97900,,,,,,,,,,,,,
1305,n,Seungkwan,승관,Boo Seung-kwan,,0,0,0,0,0,male,y,171,171,2015,NULL,"{K"":""Boo_Seung-kwan""","I:""pledis_boos""}""",0,NULL,1/16/1998,,0,none,0,0,0,,0,0,,,,,,,,,,,,,
1306,y,Samuel + ONE,사무엘 + 정제원,,원펀치,0,277,731,0,0,male,n,0,0,NULL,NULL,[],0,NULL,NULL,,0,none,407,0,0,,0,0,,,,,,,,,,,,,,
1307,n,Posh Girls,파시걸스,,,0,0,0,0,0,female,y,0,0,NULL,NULL,[],0,NULL,NULL,,0,none,0,0,0,,0,0,,,,,,,,,,,,,,
1308,n,Ichillin',아이칠린,,,413,0,0,0,0,female,n,0,0,2021,NULL,"{T"":""ichillin_km""","I:""ichillin_km""","F:""ichillin.km""","Y:""UC7IR4SfiQGtmLKzSnC7CYww""}""",16409,9/8/2021,NULL,,0,none,0,0,0,,0,1,,,,,,,,,,,
1309,n,Seunghee,승희,Hyun Seung Hee,,28,0,0,0,0,female,y,152,0,2014,NULL,"{I"":""hyun_maxiang""}""",0,NULL,1/25/1996,,0,none,0,2,0,,0,0,,,,,,,,,,,,,,
1310,y,Jeong Se-woon + Seunghee,정세운 + 승희,,,0,421,1309,0,0,coed,n,0,0,NULL,NULL,[],0,NULL,NULL,,0,none,0,0,0,,0,0,,,,,,,,,,,,,,
1311,n,GI,지아이,,Global Icon,40,0,0,0,0,female,n,0,0,2013,2016,"{K"":""GI_(group)""}""",16416,4/3/2013,NULL,,0,none,756,0,0,,0,0,,,,,,,,,,,,,,
1313,n,HyunA&DAWN,현아&던,,,257,0,0,0,0,coed,n,0,0,2015,NULL,"{A"":""hyuna-dawn\/1584437857""}""",16427,9/9/2021,NULL,,0,none,14824,0,0,,0,0,,,,,,,,,,,,,,
1314,n,1TYM,원타임,,,3,0,0,0,0,male,n,0,0,1998,2005,"{W"":""www.ygfamily.com\/artist\/About.asp?LANGDIV=K&ATYPE=2&ARTIDX=7""}""",16441,11/1/1998,NULL,,0,none,0,0,0,,0,0,,,,,,,,,,,,,,
1315,n,Jinusean,지누션,,,3,0,0,0,0,male,n,0,0,1997,NULL,"{W"":""www.ygfamily.com\/artist\/About.asp?LANGDIV=K&ATYPE=&ARTIDX=12""}""",16442,6/14/1997,NULL,,0,none,0,27,0,,0,0,,,,,,,,,,,,,,
1316,n,Seo Ji-won,서지원,Seo Ji-won,Seo Jiwon,0,0,0,0,0,male,y,0,0,1994,NULL,[],16450,10/10/1994,2/19/1976,,0,none,1027,0,0,,0,0,,,,,,,,,,,,,,
1317,n,Lisa,리사,Lalisa Manoban,Pranpriya Manoban;ปราณปรียา มโนบาล,3,0,0,0,0,female,y,31,31,2016,NULL,"{K"":""Lisa_(rapper)""","I:""lalalalisa_m""","Y:""UC35HKvKYPkri4Grd5KXl3wQ""}""",0,9/10/2021,3/27/1997,,0,none,808427,5,0,,0,9820000,,,,,,,,,,,,
1318,n,MEGAMAX,메가맥스,,MGX,414,0,0,0,0,male,n,0,0,2021,NULL,"{T"":""megamax_twt""","I:""megamax.official""","F:""Megamax""","Y:""UCWFBVEOt-ZW9pQ7Rb-d_z0g""","A:""megamax\/1521214589""","W:""www.megamax.world\/""}""",0,9/8/2021,NULL,,0,none,0,0,0,,0,1,,,,,,,,,
1319,n,LEDApple,레드애플,,LedT; LED APPLE,0,0,0,0,0,male,n,0,0,2010,2016,"{A"":""ledapple\/480850662""","S:""4PhwZL3iuVNfhh8mza8pqD""}""",16490,10/6/2010,NULL,LEDA,0,none,13043,15,0,,0,0,,,,,,,,,,,,,
1320,y,Zia + LedApple,지아 + 레드애플,,,0,449,1319,0,0,coed,n,0,0,NULL,NULL,[],0,NULL,NULL,,0,none,0,0,0,,0,0,,,,,,,,,,,,,,
1321,n,AA,더블에이,,Double-A,0,0,0,0,0,male,n,0,0,2011,2015,"{Y"":""UClYlf10HAxxWMKfmkK9dFBQ""}""",16500,11/3/2011,NULL,,0,none,2725,1,0,,0,35800,,,,,,,,,,,,,,
1322,n,AOORA,아우라,Park Geun-Lee,,0,0,0,0,0,male,y,1321,1321,2011,NULL,"{I"":""aoora69""","U:""UCXIF-aUFn6fwTU5YhwbXxAA""","W:""www.youtube.com\/channel\/UCXIF-aUFn6fwTU5YhwbXxAA""}""",16507,3/28/2014,1/10/1986,,0,none,0,0,0,,0,0,,,,,,,,,,,,
1323,n,Chi Chi,치치,,,415,0,0,0,0,female,n,0,0,2011,2013,"{A"":""chi-chi\/458026476""","S:""3NgJ9HH8eaCTqEe6nTX5Ed""}""",0,3/18/2011,NULL,,0,none,0,4,0,,0,0,,,,,,,,,,,,,
1324,n,Yanan,옌안,Yan An,Yanan,6,0,0,0,0,male,y,280,280,2016,NULL,"{T"":""cube_ptg""","I:""CUBE_PTG""","F:""pentagon.unitedcube""","Y:""UCw4NcAAtRsjL-cGlBrUnMTQ""","V:""F2C18D""","A:""pentagon\/1346387122""","W:""www.cubeent.co.kr\/pentagon""","S:""1wKpMkucynaTfG8lyPprYV""}""",0,NULL,10/25/1996,,0,none,0,0,0,,0,1660000,,,,,,,
1325,n,Ban Gwang Ok,반광옥,Ban Gwang Ok,Van Gwang Ok,0,0,0,0,0,male,y,0,0,NULL,NULL,[],0,NULL,9/15/1987,,0,none,0,0,0,,0,0,,,,,,,,,,,,,,
1326,n,M4,M4,,,0,0,0,0,0,male,n,0,0,2010,2013,[],0,3/1/2010,NULL,,0,none,4829,16,0,,0,0,,,,,,,,,,,,,,
1327,y,Kim Yuna + Wonstein,김윤아 + 원슈타인,,,0,1080,1175,0,0,coed,n,0,0,NULL,NULL,[],0,NULL,NULL,,0,none,0,0,0,,0,0,,,,,,,,,,,,,,
1328,n,Pocket Girls,포켓걸스,,,416,0,0,0,0,female,n,0,0,2015,NULL,"{I"":""pocket_girls""","F:""pocketgirls""","Y:""UCBD69nZPJRjgJ1QxJ2TCHVw""","A:""pocket-girls\/985098382""","S:""1PAlzTjRSYi0U45i887YSL""}""",16614,4/10/2015,NULL,,0,none,0,0,0,,0,290000,,,,,,,,,,
1329,n,Offonoff,오프온오프,,,0,0,0,0,0,male,n,0,0,2015,NULL,"{A"":""offonoff\/1156356376""","S:""0dTj3SqwE8kPnCzyzvYzhT""}""",0,9/21/2016,NULL,,0,none,2196,0,0,,0,0,,,,,,,,,,,,,
1330,n,Baby Vox Re.V,베이비복스 리브,,BABYVOX Re.V,51,0,0,0,0,female,n,932,932,2006,2009,"{K"":""Baby_Vox_Re.V""}""",16676,12/26/2006,NULL,,0,none,0,0,0,,0,0,,,,,,,,,,,,,,
1331,n,LC9,엘씨나인,,,0,0,0,0,0,male,n,0,0,2013,2015,"{K"":""LC9_(band)""}""",0,5/9/2013,NULL,,0,none,1727,0,0,,0,0,,,,,,,,,,,,,,
1332,y,MOBB,송민호 + 바비,,맙,0,379,815,0,0,male,n,0,0,NULL,NULL,[],0,NULL,NULL,,0,none,31373,7,0,"{SMA"":1}""",1,0,,,,,,,,,,,,,,
1333,y,10cm + Chen,십센치 + 첸,,,0,425,41,0,0,male,n,0,0,NULL,NULL,[],16698,NULL,NULL,,0,none,0,0,0,,0,0,,,,,,,,,,,,,,
1334,n,Hanse,한세,Do Han Se,도한세,194,0,0,0,0,male,y,0,315,2019,NULL,"{I"":""dxhxnxe""}""",0,9/25/2021,9/25/1997,,0,none,7589,0,0,,0,0,,,,,,,,,,,,,,
1335,n,Se.A,세아,Kyeong Jiae,경지애,0,0,0,0,0,female,y,1336,0,2013,NULL,"{I"":""se.a.syndrome""","U:""soulsea1126""","C:""se-a-syndrome""}""",0,12/27/2013,11/26/1995,,0,none,0,0,0,,0,0,,,,,,,,,,,,
1336,y,Se.A & Kisum,세아 + 키썸,,,0,1335,120,0,0,female,n,0,0,NULL,NULL,[],11467,12/27/2013,NULL,,0,none,0,0,0,,0,0,,,,,,,,,,,,,,
1337,y,Shaun + Ovan,숀 + 오반,,,0,422,606,0,0,male,n,0,0,NULL,NULL,[],0,NULL,NULL,,0,none,0,0,0,,0,0,,,,,,,,,,,,,,
1338,y,Zico + Wendy,지코 + 손승완,,,0,225,362,0,0,coed,n,0,0,NULL,NULL,[],0,NULL,NULL,,0,none,0,0,0,,0,0,,,,,,,,,,,,,,
1339,n,Troy,트로이,,,0,0,0,0,0,male,n,0,0,2014,NULL,"{K"":""Troy_(band)""}""",16811,3/14/2014,NULL,,0,none,0,3,0,,0,0,,,,,,,,,,,,,,
1340,y,PENTAGON + GLAY,펜타곤,,,0,280,0,0,0,male,n,0,0,NULL,NULL,[],0,NULL,NULL,,0,none,0,0,0,,0,0,,,,,,,,,,,,,,
1341,n,Dowoon,도운,Yoon Do Woon,윤도운,14,0,0,0,0,male,y,54,54,NULL,NULL,"{T"":""Dw_day6_drumme""","I:""d.ddablue""","Y:""UCmp88_vcnsu-wabHt1XdsJg""","W:""day6.jype.com\/""}""",0,NULL,8/25/1995,,0,none,0,0,0,,0,154000,,,,,,,,,,,
1342,n,Lee Hyun,이현,Lee Hyun,,41,0,0,0,0,male,y,595,0,2007,NULL,"{K"":""ee_Hyun""","Y:""UCppou5iYD1t_sMx2t_DHikw""}""",0,9/9/2009,11/8/1983,,0,none,1267,0,0,,0,355000,,,,,,,,,,,,,
1343,y,NU'EST W + Seventeen,뉴이스트 W + 세븐틴,,,0,302,171,0,0,male,n,0,0,NULL,NULL,[],0,NULL,NULL,,0,none,0,0,0,,0,0,,,,,,,,,,,,,,
1344,y,AB6IX + BDC + Lee Eun Sang,에이비식스 + 비디씨 + 이은상,,,0,487,681,671,0,male,n,0,0,NULL,NULL,[],0,NULL,NULL,,0,none,0,0,0,,0,0,,,,,,,,,,,,,,
1345,n,Jung Jinwoo,정진우,Jung Jin-woo,P.odd,271,0,0,0,0,male,y,925,0,2015,NULL,"{I"":""iamperfectlyodd""","C:""iamperfectlyodd""}""",0,9/22/2016,6/24/1996,,0,none,0,2,0,,0,0,,,,,,,,,,,,,
1346,y,Onew + Elaine,온유 + 일레인,,,0,392,1249,0,0,coed,n,0,0,NULL,NULL,[],0,NULL,NULL,,0,none,0,0,0,,0,0,,,,,,,,,,,,,,
1347,y,J.UNA + Isaac Hong,제이유나 + 홍이삭,,,0,1273,1158,0,0,male,n,0,0,NULL,NULL,[],0,NULL,NULL,,0,none,0,0,0,,0,0,,,,,,,,,,,,,,
1348,y,Moonbyul + Gaho,문별 + 가호,,,0,296,605,0,0,coed,n,0,0,NULL,NULL,[],0,NULL,NULL,,0,none,0,0,0,,0,0,,,,,,,,,,,,,,
1349,n,Jo Yuri,조유리,Jo Yu Ri,Yuri,121,0,0,0,0,female,y,337,0,2021,NULL,"{T"":""JOYURI_offcl""","I:""zo__glasss""","F:""JOYURI.offcl""","Y:""UCSEVFgCkKem_c3nIBm7F37g""","S:""6OnpKDxDAKrslZycs6j9Ty""}""",16933,10/7/2021,10/22/2001,,0,none,89168,0,0,,0,1,,,,,,,,,,
1350,y,"T1 X Raiden, BAEKHYUN, CHANGMO",레이든 + 변백현 + 창모,,,0,797,25,550,0,male,n,0,0,NULL,NULL,[],0,NULL,NULL,,0,none,0,0,0,,0,0,,,,,,,,,,,,,,
1351,n,Beautybox,뷰티박스,,Beauty Box,418,0,0,0,0,female,n,0,0,2021,NULL,"{T"":""bbyuofficial""","I:""bb_byuofficial""","F:""Beauty-Box-100321302317508""","Y:""UCw23FIL7lSQk_GmSEajZIfA""","A:""beauty-box\/1585688799""","S:""4hZNUeA8sd9QJAs08yGuYF""}""",16953,9/23/2021,NULL,,0,none,0,0,0,,0,1,,,,,,,,,
1352,y,Yeri + Renjun + Jeno + Jaemin,예리 + 엔시티 드림,,,0,466,149,0,0,coed,n,0,0,NULL,NULL,[],0,NULL,NULL,,0,none,0,0,0,,0,0,,,,,,,,,,,,,,
1353,n,Youngjae,최영재,Choi Young Jae,영재,361,0,0,0,0,male,y,80,80,2018,NULL,"{T"":""GOTYJ_Ars_Vita""","I:""333cyj333""","Y:""UCB08oBzAEHmRqBYF-UG--JQ""}""",16897,NULL,9/17/1996,,0,none,0,0,0,,0,378000,,,,,,,,,,,,
1354,n,Donghae,동해,Lee Dong Hae,이동해,1,0,0,0,0,male,y,189,190,2012,NULL,"{T"":""donghae861015""","I:""leedonghae""","Y:""UCnxbO5NL6FOaPFh-B2PSo_g""}""",0,NULL,10/15/1986,,0,none,0,1,0,,0,434000,,,,,,,,,,,,
1355,n,Lunafly,루나플라이,,,54,0,0,0,0,male,n,0,0,2012,NULL,"{Y"":""UCl7MkOV8dVaKAcanPJ0FtcA""","W:""cafe.daum.net\/LUNAFLYnetwork""}""",17021,9/27/2012,NULL,Lukies,0,none,5889,4,0,,0,161000,,,,,,,,,,,,,
1356,n,YB,윤도현밴드,,Yoon Do-hyun Band,419,0,0,0,0,male,n,0,0,1996,NULL,"{A"":""yb\/417006189""","W:""ybrock.com\/""}""",0,NULL,NULL,,0,none,9473,35,0,"{MAMA"":1","SMA:2}""",3,0,,,,,,,,,,,,
1357,n,Yoon Do Hyun,윤도현,Yoon Do-hyun,Yoon Dohyun,419,0,0,0,0,male,y,1356,1356,1993,NULL,"{W"":""deecompany.kr\/""}""",0,12/1/1994,2/3/1972,,0,none,2150,28,0,"{KMA"":1}""",1,0,,,,,,,,,,,,,,
1358,n,Reddy,레디,Kim Hong-woo,,348,0,0,0,0,male,y,0,0,2011,NULL,"{T"":""kimhongwu""","I:""keemhongwu""","C:""reddyreddyreddy""}""",0,NULL,11/11/1986,,0,none,0,7,0,,0,0,,,,,,,,,,,,
1359,n,G2,지투,Kevin Hwang,,348,0,0,0,0,male,y,0,0,2012,NULL,"{I"":""g2slife""","C:""g2slife""}""",0,NULL,5/1/1992,,0,none,0,0,0,,0,0,,,,,,,,,,,,,
1360,n,Junoflo,주노플로,Samuel Juno Park,,253,0,0,0,0,male,y,0,0,2011,NULL,"{T"":""junoflo""","I:""junoflo""","C:""junoflo""}""",17080,12/14/2016,9/25/1992,,0,none,0,6,0,,0,0,,,,,,,,,,,,
1361,y,Junoflo + G2,주노플로 + 지투,,,0,1360,1359,0,0,male,n,0,0,NULL,NULL,[],0,NULL,NULL,,0,none,0,0,0,,0,0,,,,,,,,,,,,,,
1362,y,Yoon Do Hyun + Reddy + G2 + INLAYER + JOHNNY,윤도현 + 레디 + 지투,,,0,1357,1358,1359,0,male,n,0,0,NULL,NULL,[],0,NULL,NULL,,0,none,0,0,0,,0,0,,,,,,,,,,,,,,
1363,y,Peakboy + Kino,픽보이 + 키노,,,0,967,1058,0,0,male,n,0,0,NULL,NULL,[],0,NULL,NULL,,0,none,0,0,0,,0,0,,,,,,,,,,,,,,
1364,n,Nahyun,나현,Kim Na Hyun,김나현,0,0,0,0,0,female,y,177,0,NULL,NULL,"{T"":""NahyunQkim""","I:""kimxnahyun""","Y:""UC8KlhpSxZxlBzjGTlWZSscQ""}""",0,NULL,NULL,,0,none,0,0,0,,0,1,,,,,,,,,,,,
1365,y,Moon Jong Up + Nahyun,종업 + 나현,,,0,1061,1364,0,0,coed,n,0,0,NULL,NULL,[],0,NULL,NULL,,0,none,0,0,0,,0,0,,,,,,,,,,,,,,
1366,n,Eunhyuk,은혁,Lee Hyuk Jae,이혁재,1,0,0,0,0,male,y,189,190,NULL,NULL,"{T"":""AllRiseSilver""","S:""4QRqp8zf5JtqaMk2OOU3NX""}""",0,NULL,4/4/1986,,0,none,0,0,0,,0,0,,,,,,,,,,,,,
1367,n,Shindong,신동,Shin Dong Hee,,1,0,0,0,0,male,y,189,0,NULL,NULL,"{T"":""ShinsFriends""","I:""earlyboysd""","Y:""UC7m9K8lcptwUpt9UoNh5Xgg""","S:""1GxcQShWApr3UfXd3yAVBR""}""",0,NULL,9/28/1985,,0,none,0,0,0,,0,279000,,,,,,,,,,,
1368,y,Super Junior + Solar,슈퍼주니어 + 솔라,,,0,189,273,0,0,coed,n,0,0,NULL,NULL,[],0,NULL,NULL,,0,none,0,0,0,,0,0,,,,,,,,,,,,,,
1369,n,Yunsae,윤새,Lee Jeongyoon,이정윤,0,0,0,0,0,female,y,0,0,2019,NULL,"{I"":""yunsaemusic""","F:""yunsaemusic""","Y:""MAjUrfRrHcyGOtfkQKYabQ""","S:""7DLucR65sSvihkpKZcdymt""}""",0,8/8/2019,NULL,,0,none,0,0,0,,0,1,,,,,,,,,,,
1370,n,NIK,니크,,,266,0,0,0,0,male,n,0,0,2021,NULL,"{T"":""NIKOFFICIAL11""","I:""nikofficial11""","Y:""UCIGW3eg-eTJtIzsBApiJGAw""","A:""nik\/1587918763""","W:""nik-official.com\/""","S:""69SEqE4oh5qoU6hHbebPvg""}""",17257,9/27/2021,NULL,,0,none,0,0,0,,0,32800,,,,,,,,,
1371,n,Jang Pillsoon,장필순,Jang Pill soon,Jang Pilsoon; Kang Pilsoon,421,0,0,0,0,female,y,0,0,1989,NULL,"{A"":""jang-pill-soon\/346026807""","S:""4huxWg4T8DauhitzX1qSWI""}""",0,NULL,5/22/1963,,0,none,0,0,0,"{KMA"":1}""",1,0,,,,,,,,,,,,,
1372,n,2F,이프,,,321,0,0,0,0,male,n,364,364,2020,NULL,"{Y"":""UC7VgaZyvs5a-6-HuvT-1s7A""}""",0,8/4/2020,NULL,,0,none,0,0,0,,0,13800,,,,,,,,,,,,,,
1373,n,Shin Jongjae,신용재,Shin Yong Jae,,321,0,0,0,0,male,y,364,1372,2010,NULL,[],0,NULL,11/1/1989,,0,none,0,146,0,,0,0,,,,,,,,,,,,,,
1374,n,Lucia,루시아,Sim Gyu-seon,심규선,0,0,0,0,0,female,y,0,0,2010,NULL,"{I"":""luciatune""","Y:""UC4VMmTByZwTAaU3En8HQE6A""}""",0,NULL,7/16/1986,,0,none,10405,0,0,,0,49600,,,,,,,,,,,,,
1375,n,Choi Yu Ree,최유리,Choi Yuree,,98,0,0,0,0,female,y,0,0,2020,NULL,"{I"":""_choiyuree""","F:""ChoiYuRee""","Y:""UCyUnjor6wyRA2Xt3fFwnf6w""","C:""yureechoi""}""",0,2/24/2020,11/24/1998,,0,none,0,1,0,,0,15100,,,,,,,,,,,
1376,n,Joosiq,주시크,Yoon Joo-sik,,0,0,0,0,0,male,y,0,0,2020,NULL,"{I"":""joo_siq""","Y:""UCGUUTVad1N08KPQ_SR3iZPQ""","U:""01080014450""}""",0,7/15/2020,2/26/1994,,0,none,0,24,0,,0,2040,,,,,,,,,,,,
1377,n,bugAboo,버가부,,,162,0,0,0,0,female,n,0,0,2021,NULL,"{T"":""bugAboo_offcl""","W:""ateament.co.kr""}""",17314,10/25/2021,NULL,,0,none,6481,0,0,,0,0,,,,,,,,,,,,,
1378,y,DPR Live + DPR Ian,디피알 라이브 + 디피알 이안,,,0,730,716,0,0,male,n,0,0,NULL,NULL,[],0,NULL,NULL,,0,none,0,0,0,,0,0,,,,,,,,,,,,,,
1379,n,Hongseok,홍석,Yang Hong-seok,,6,0,0,0,0,male,y,280,280,2016,NULL,"{K"":""Hongseok""","T:""cube_ptg""","I:""_hongseokie""","F:""pentagon.unitedcube""","Y:""UCw4NcAAtRsjL-cGlBrUnMTQ""","V:""F2C18D""","A:""pentagon\/1346387122""","W:""www.cubeent.co.kr\/pentagon""}""",0,NULL,4/17/1994,,0,none,0,0,0,,0,1660000,,,,,,,
1380,y,Kino + Hongseok,키노 + 홍석,,,0,1058,1379,0,0,male,n,0,0,NULL,NULL,[],0,NULL,NULL,,0,none,0,0,0,,0,0,,,,,,,,,,,,,,
1381,n,Na Yoon Kwon,나윤권,Hwang Yoon-kwon,,0,0,0,0,0,male,y,0,0,2004,NULL,[],0,NULL,5/14/1984,,0,none,0,46,0,,0,0,,,,,,,,,,,,,,
1382,n,MJ,엠제이,Kim Myung Jun,김명준,31,0,0,0,0,male,y,20,20,NULL,NULL,"{I"":""mj_7.7.7""}""",17419,NULL,3/5/1994,AROHA,0,none,0,12,0,,0,0,,,,,,,,,,,,,,
1383,n,Lee Young Ji,이영지,Lee Young-ji,,422,0,0,0,0,female,y,0,0,2019,NULL,"{I"":""youngji_02""","Y:""UC3dJKwKxhR1Boz56EsI5PYQ""","W:""www.main-stream.net\/""","C:""youngji02""","S:""0Y2AcMPMpeuPXtPQGVvRBq""}""",17427,NULL,9/10/2002,,0,none,0,10,0,,0,638000,,,,,,,,,,
1384,n,BUMZU,범주,Kye Bum-joo,Nusoul; Kye Bum Zu,9,0,0,0,0,male,y,0,0,2011,NULL,"{T"":""nusoul91""","I:""bumzu91""","W:""www.pledis.co.kr\/html\/artist\/bumzu\/ENG\/""}""",0,6/14/2011,11/8/1991,,0,none,0,0,0,,0,0,,,,,,,,,,,,
1385,y,BUMZU + Han Dong Geun,범주 + 한동근,,,0,1384,998,0,0,male,n,0,0,NULL,NULL,[],0,NULL,NULL,,0,none,0,0,0,,0,0,,,,,,,,,,,,,,
1386,n,Kim Yon-ja,김연자,Kim Yonja,,0,0,0,0,0,female,y,0,0,1974,NULL,[],0,NULL,1/25/1959,,0,none,0,0,0,,0,0,,,,,,,,,,,,,,
1387,n,ADORA,아도라,Park Soo-Hyun,,41,0,0,0,0,female,y,0,0,2016,NULL,"{I"":""dora._.a""}""",17475,NULL,9/25/1997,,0,none,0,0,0,,0,0,,,,,,,,,,,,,,
1388,n,Aseul,아슬,Lee Aseul,이아슬;Yukari;유카리,0,0,0,0,0,female,y,0,0,2012,NULL,"{T"":""Aseulmusic""","I:""Aseulmusic""","U:""Aseulmusic""","C:""Aseulmusic""}""",0,12/21/2012,NULL,,0,none,0,0,0,,0,0,,,,,,,,,,,
1389,n,dosii,도시,,,0,0,0,0,0,coed,n,0,0,2020,NULL,"{I"":""dosii_official""}""",0,NULL,NULL,,0,none,0,0,0,,0,0,,,,,,,,,,,,,,
1390,n,Humming Urban Stereo,허밍 어반 스테레오,Lee Ji-rin,HUS,0,0,0,0,0,male,y,0,0,2004,NULL,"{K"":""Humming_Urban_Stereo""","I:""hummingurbanstereo""","Y:""UChnxCNUBYrx1xW3JpNdvh5A""}""",0,2/15/2004,NULL,,0,none,1130,21,0,,0,6380,,,,,,,,,,,,
1391,n,Billlie,빌리,,,8,0,0,0,0,female,n,0,0,2021,NULL,"{T"":""Billlieofficial""","I:""billlie.official""","F:""Billlie.official""","Y:""UCyc9sUCxELTDK9vELO5Fzeg""","A:""billlie\/1594150790""","S:""2GQxKDojobwBjZMPf7aoh0""}""",0,11/10/2021,NULL,,0,none,54664,0,0,,0,1,,,,,,,,,
1392,n,lilli lilli,릴리릴리,,,423,0,0,0,0,female,n,0,0,2021,NULL,"{T"":""lillililli_twt""","I:""lillililli_official""","Y:""UCJemPsSa4T_Kh5QUlmHiuQQ""","W:""www.enterhan.com\/""}""",17526,11/11/2021,NULL,,0,none,0,0,0,,0,1,,,,,,,,,,,
1393,n,Mark Tuan,마크투안,Dong Yi Eun,Tuan Yi Eun;마크;段宜恩;동의은,424,0,0,0,0,male,y,80,80,2020,NULL,"{K"":""Mark_Tuan""","T:""marktuan""","I:""marktuan""","Y:""UC-59s1w6gpuuv8Eu_kBb54A""","S:""4l1q0z9xeJcJw73Gxc6gCB""}""",17533,NULL,9/4/1993,,0,none,0,0,0,,0,2940000,,,,,,,,,,
1394,y,Hui + Shinwon,후이,,,0,1142,0,0,0,male,n,0,0,NULL,NULL,[],0,NULL,NULL,,0,none,0,0,0,,0,0,,,,,,,,,,,,,,
1395,n,Min,이민영,Lee Min-young,,425,0,0,0,0,female,y,142,0,2010,NULL,"{K"":""Min_(South_Korean_singer)""","I:""therealminnn""","Y:""UCpUi7Q2h31gH7Kyliw_iu6A""}""",0,11/8/2021,6/21/1991,,0,none,0,0,0,,0,22000,,,,,,,,,,,,
1396,n,Outsider,아웃사이더,Shin Ok-cheo,신옥철,426,0,0,0,0,male,y,0,0,2004,NULL,"{T"":""outsider0321""","I:""outsiderworld""","Y:""UCXpx9zg20meHet5vc-w2Zaw""","S:""1i4Y4WlFFetQV14Z8UDdvr""}""",0,1/6/2004,3/21/1983,,0,none,4577,48,0,,0,77500,,,,,,,,,,,
1397,n,Doah,도아,Kim Doah,김도아,135,0,0,0,0,female,y,620,0,2018,NULL,"{I"":""lcirndxah""}""",0,NULL,12/4/2003,,0,none,0,0,0,,0,0,,,,,,,,,,,,,,
1398,n,Youra,유라,Kim Yura,김유라,0,0,0,0,0,female,y,0,0,2018,NULL,"{K"":""Youra_(singer)""","I:""you.ra""","F:""official.youra""","Y:""UCrgmcWsu4pBRmEQz1l5cklQ""","C:""yourayoura""","S:""5q9adPv91NFr8q2ZcKmX0V""}""",0,10/1/2018,2/17/1993,,0,none,0,0,0,,0,1,,,,,,,,,
1399,n,Miyeon,미연,Cho Mi-yeon,조미연,6,0,0,0,0,female,y,292,292,2018,NULL,"{K"":""Cho_Mi-yeon""","I:""noodle.zip""}""",0,NULL,1/31/1997,,0,none,0,0,0,,0,0,,,,,,,,,,,,,
1400,n,AQUINAS,강민수,Kang Min-soo,,0,0,0,0,0,male,y,0,0,NULL,NULL,"{I"":""loveyouraquinas""","C:""aquinas01""}""",17635,5/13/2020,1/13/2000,,0,none,0,0,0,,0,0,,,,,,,,,,,,,
1401,n,MONNI,몽니,,,427,0,0,0,0,male,n,0,0,NULL,NULL,[],0,12/1/2005,NULL,,0,none,2408,0,0,,0,0,,,,,,,,,,,,,,
1402,n,SE SO NEON,새소년,,,0,0,0,0,0,male,n,0,0,2017,NULL,[],0,6/20/2017,NULL,,0,none,2231,0,0,"{KMA"":2}""",2,0,,,,,,,,,,,,,,
1403,n,Eden,이든,Kim Yong-hwan,김용환,56,0,0,0,0,male,y,0,0,2010,NULL,"{I"":""eden_yh""}""",0,2/17/2017,7/12/1988,,0,none,0,0,0,,0,0,,,,,,,,,,,,,,
1404,y,Choi Youngjae + Jamie,최영재 + 제이미,,,0,1353,106,0,0,coed,n,0,0,NULL,NULL,[],0,NULL,NULL,,0,none,0,0,0,,0,0,,,,,,,,,,,,,,
1405,y,Suho + Chen,수호 + 첸,,,0,612,41,0,0,male,n,0,0,NULL,NULL,[],0,NULL,NULL,,0,none,0,0,0,,0,0,,,,,,,,,,,,,,
1406,n,Byeol Eun,별은,Park Eun-bi,박은비,315,0,0,0,0,female,y,0,0,2020,NULL,"{I"":""byeol.eun_b""","Y:""UCPZ2XXfOWDXi7dGlQSOt5IQ""}""",0,7/21/2020,3/1/1996,,0,none,0,0,0,,0,127000,,,,,,,,,,,,,
1407,n,Ra.D,라디,Lee Doo-hyun,이두현,30,0,0,0,0,male,y,0,0,2002,NULL,"{K"":""Ra.D""","I:""ra.d_real""}""",0,9/18/2002,2/13/1980,,0,none,1456,39,0,"{KMA"":1}""",1,0,,,,,,,,,,,,,
1408,n,IVE,아이브,,,5,0,0,0,0,female,n,0,0,2021,NULL,"{T"":""IVEstarship""","I:""IVEstarship""","F:""IVEstarship""","Y:""UC-Fnix71vRP64WXeo0ikd0Q""}""",17800,12/1/2021,NULL,,0,none,344616,15,0,,0,1090000,,,,,,,,,,,
1409,n,Lee A Young,이아영,,,428,0,0,0,0,female,y,0,0,NULL,NULL,[],0,NULL,12/10/1998,,0,none,0,0,0,,0,0,,,,,,,,,,,,,,
1410,n,Sokodomo,소코도모,Yang Seung-ho,양승호,269,0,0,0,0,male,y,0,0,2019,NULL,"{I"":""sokodomo""","Y:""UC9xMQ_6OyPBehAiNu_fo5wg""","C:""sokodomo""}""",17820,8/21/2019,11/15/2000,,0,none,0,20,3,,0,45600,,,,,,,,,,,,
1411,n,Truedy,트루디,Kim Jin Sol,김진솔,112,0,0,0,0,female,y,0,0,2015,NULL,"{I"":""truedy.js""}""",0,NULL,8/20/1993,,0,none,0,5,0,,0,0,,,,,,,,,,,,,,
1412,y,Ailee + Truedy,에일리 + 트루디,,,0,13,1411,0,0,female,n,0,0,NULL,NULL,[],0,NULL,NULL,,0,none,0,0,0,,0,0,,,,,,,,,,,,,,
1413,n,Mirani,미란이,Kim Yoon-jin,,429,0,0,0,0,female,y,0,0,NULL,NULL,"{I"":""mirannnnnnni""","Y:""UCcQ3rsk3vO-qaJkWYva5-KQ""","C:""miranni""}""",0,4/24/2020,5/14/1996,,0,none,0,14,0,,0,213000,,,,,,,,,,,,
1414,n,Ra Mi Ran,라미란,Ra Mi-Ran,,0,0,0,0,0,female,y,0,0,NULL,NULL,"{I"":""ramirani668""}""",0,NULL,3/6/1975,,0,none,0,0,0,,0,0,,,,,,,,,,,,,,
1415,y,Mirani + Ra Mi Ran,미란이 + 라미란,,,0,1413,1414,0,0,female,n,0,0,NULL,NULL,[],0,NULL,NULL,,0,none,0,0,0,,0,0,,,,,,,,,,,,,,
1416,n,Yunhway,윤훼이,Yang Yoon-hwa,,430,0,0,0,0,female,y,0,0,NULL,NULL,"{I"":""yunhway""","Y:""UC-fmwoADQdVkGhmrTc-xJDw""","C:""yunhway""}""",0,11/25/2015,3/6/1995,,0,none,0,0,0,,0,11400,,,,,,,,,,,,
1417,y,Gaho + Lunarsolar (Jian),가호 + 루나솔라,,,0,605,674,0,0,coed,n,0,0,NULL,NULL,[],0,NULL,NULL,,0,none,0,0,0,,0,0,,,,,,,,,,,,,,
1418,n,Kim Yeji,김예지,Kim Yeji,,0,0,0,0,0,female,y,0,0,2020,NULL,"{T"":""yejipnida""","I:""y__easy""","F:""kimyejimusic""","Y:""UCSvSlQhBdV7vJh3byBJT2Tg""}""",0,10/27/2020,9/23/1996,,0,none,0,0,0,,0,105000,,,,,,,,,,,
1419,y,Punch + Onew,펀치 + 온유,,별 + 펀치,0,433,392,0,0,coed,n,0,0,NULL,NULL,[],0,NULL,NULL,,0,none,0,0,0,,0,0,,,,,,,,,,,,,,
1420,n,Xdinary Heroes,엑스디너리히어로즈,,,14,0,0,0,0,male,n,0,0,2021,NULL,"{T"":""XH_official""","I:""xdinaryheroes_official""","F:""XdinaryHeroes""","Y:""UCO9GhtdQcCRf67GIdSQ0HNQ""","W:""xdinaryheroes.jype.com\/""}""",17898,12/6/2021,NULL,,0,none,0,0,0,,0,396000,,,,,,,,,,
1421,n,Jin,진,Kim Seok-jin,김석진;Jin (BTS),0,0,0,0,0,male,y,40,40,2013,NULL,"{I"":""jin""}""",0,6/4/2019,12/4/1992,,0,none,0,0,0,,0,0,,,,,,,,,,,,,,
1422,n,BE’O,비오,Yoo Chanwook,유찬욱,354,0,0,0,0,male,y,0,0,2020,NULL,"{I"":""auxi_beo""","Y:""UCHJSOmroj5oWXphQoOQOA1A""","C:""b2_o""}""",0,4/1/2020,4/27/2000,,0,none,0,74,4,,0,41900,,,,,,,,,,,,
1423,y,Ailee + WheeIn,에일리 + 휘인,,,0,13,289,0,0,female,n,0,0,NULL,NULL,[],0,NULL,NULL,,0,none,0,0,0,,0,0,,,,,,,,,,,,,,
1425,n,WAX,왁스,Cho Hye-ri,조혜리;Jo Hyeri,0,0,0,0,0,female,y,0,0,2000,NULL,"{K"":""Wax_(singer)""","I:""waxnara""","Y:""UCaCJDiPnsJ7pRHfzNppeaLw""}""",0,11/13/2000,5/31/1972,,0,none,791,0,0,"{GDA"":3",MAMA:1,"SMA:3}""",7,25800,,,,,,,,,,
1426,n,SWJA,선우정아,Sunwoo JungA,Sunwoojunga,260,0,0,0,0,female,y,0,0,2006,NULL,"{I"":""sunwoojunga_official""","F:""swjaswja""","Y:""UC1vXYaW1fjBrncwFoOqHaaQ""}""",0,5/10/2006,5/11/1985,,0,none,0,0,0,,0,118000,,,,,,,,,,,,
1427,n,Lee Changmin,이창민,Lee Chang-min,,0,0,0,0,0,male,y,3,3,2008,NULL,"{K"":""Lee_Chang-min_(singer)""}""",0,5/1/1986,5/1/1986,,0,none,931,0,0,,0,0,,,,,,,,,,,,,,
1428,n,BIGONE,빅원,Kim Dae Il,Daeil,432,0,0,0,0,male,y,2,0,2012,NULL,"{T"":""bigone1sthename""","I:""bigoneisthename""","Y:""UC6dBcqQrm0ylqw1iWvanNIw""}""",0,10/20/2017,5/10/1991,,0,none,0,0,0,,0,44200,,,,,,,,,,,,
1429,y,Solar + Kassy,솔라 + 케이시,,,0,273,470,0,0,female,n,0,0,NULL,NULL,[],0,NULL,NULL,,0,none,0,0,0,,0,0,,,,,,,,,,,,,,
1430,n,SAAY,쎄이,Kwon So-hee,,27,0,0,0,0,female,y,510,0,2012,NULL,"{I"":""saayworld""","Y:""UCLov8P54xQsySdJxlLIFRUQ""","C:""saayworld""}""",0,8/17/2017,4/13/1993,,0,none,0,0,0,,0,1,,,,,,,,,,,,
1431,n,DeVita,드비타,Jo Yoon-kyung,Chloe DeVita;클로이 드비타,255,0,0,0,0,female,y,0,0,NULL,NULL,"{T"":""lilchoster""","I:""lilchoster""","W:""www.aomgofficial.com\/devita""","C:""lilchoster""}""",0,4/9/2020,4/20/1998,V-V-S,0,none,0,0,0,,0,0,,,,,,,,,,,
1432,n,Rocking Doll,록킹돌),,,0,0,0,0,0,female,n,0,0,2021,NULL,"{T"":""Rockingdoll_""","I:""srp_rockingdoll_official""}""",0,12/19/2021,NULL,,0,none,0,0,0,,0,0,,,,,,,,,,,,,
1433,n,Mina,미나,Myoui Mina,ミナ;미나리;Mi Na-ri;名井 南,14,0,0,0,0,female,y,208,208,2015,NULL,"{T"":""mina_sharon0324""","I:""green_mina0324""}""",0,NULL,NULL,,0,none,0,0,0,,0,0,,,,,,,,,,,,,
1434,n,Kep1er,케플러,,Kepler,276,0,0,0,0,female,n,0,0,2021,NULL,"{T"":""official_kep1er""","I:""official.kep1er""","F:""Kep1er""","Y:""UC8whlOg70m2Yr3qSMjUhh0g""","V:""82CF8D""}""",18344,1/3/2021,NULL,Kep1ian,0,none,345053,3,0,,0,1820000,,,,,,,,,,
1435,n,Queen WA$ABII,퀸 와사비,Kim So-hee,Queen Wasabii,0,0,0,0,0,female,y,0,0,2019,NULL,"{I"":""queenwasabii_official""","C:""queenwasabii""}""",0,NULL,1/4/1994,,0,none,0,0,0,,0,0,,,,,,,,,,,,,
1436,n,Miryo,미료,Jo Mi Hae,,0,0,0,0,0,female,y,37,0,2012,NULL,"{T"":""miryoakajohoney""","I:""miryoakajohoney""","U:""Miryoyoutube""","Y:""UClmcETd3c872BSbH9KVSwwA""}""",18159,NULL,11/2/1981,,0,none,0,0,0,,0,45900,,,,,,,,,,,
1437,y,Miryo + Giant Pink,미료 + 자이언트핑크,,,0,1436,587,0,0,female,n,0,0,NULL,NULL,[],0,NULL,NULL,,0,none,0,0,0,,0,0,,,,,,,,,,,,,,
1438,n,S.M. THE BALLAD,에스엠 더 발라드,,,1,0,0,0,0,coed,n,0,0,2010,NULL,"{W"":""smtheballad.smtown.com\/""}""",18166,11/28/2010,NULL,,0,none,42836,0,0,,0,0,,,,,,,,,,,,,,
1439,n,Lee Seung Hwan,이승환,Lee Seung Hwan,,0,0,0,0,0,male,y,0,0,1989,NULL,"{K"":""Lee_Seung-hwan""","T:""dfactorian""","I:""dreamfactory_boss""","F:""dreamfactoryboss""","U:""dreamfactoryclub""","W:""www.df.co.kr\/""}""",0,NULL,12/13/1965,,0,none,42079,0,0,"{KMA"":1}""",1,0,,,,,,,,,
1440,y,Lee Seung Hwan + Sunwoojunga,이승환 + 선우정아,,,0,1439,822,0,0,coed,n,0,0,NULL,NULL,[],0,NULL,NULL,,0,none,0,0,0,,0,0,,,,,,,,,,,,,,
1441,n,Luhan,루한,Lu Han,鹿晗,0,0,0,0,0,male,y,61,0,NULL,NULL,"{I"":""7_luhan_m""}""",0,NULL,4/20/1990,,0,none,0,0,0,,0,0,,,,,,,,,,,,,,
1442,y,YOUNIQUE UNIT,효연 + 태민 + 카이 + 은혁,,,0,253,198,712,1366,coed,n,0,0,NULL,NULL,[],0,NULL,NULL,,0,none,0,0,0,,0,0,,,,,,,,,,,,,,
1443,n,Ahn Ye-eun,안예은,Ahn Ye-eun,,0,0,0,0,0,female,y,0,0,2016,NULL,"{K"":""Ahn_Ye-eun""","T:""56yenyen56""","I:""56yenyen56""","Y:""UC-fY0CW11e0lbHmX4WICm7Q""}""",0,11/28/2016,5/21/1992,,0,none,1148,0,0,,0,92400,,,,,,,,,,,
1444,n,Janet Suhh,자넷서,Janet Suhh,,0,0,0,0,0,female,y,0,0,NULL,NULL,"{I"":""janet.suhh""","C:""janet-suhh""}""",0,NULL,7/29/1994,,0,none,0,0,0,,0,0,,,,,,,,,,,,,
1445,n,Jun,준,Wen Jun-hui,Wen Junhui; Junhui,9,0,0,0,0,male,y,171,171,2002,NULL,[],0,NULL,6/10/1996,,0,none,0,0,0,,0,0,,,,,,,,,,,,,,
1446,n,The8,디에잇,Xu Minghao,,9,0,0,0,0,male,y,171,171,2015,NULL,[],0,NULL,11/7/1997,,0,none,0,0,0,,0,0,,,,,,,,,,,,,,
1447,y,Jun + The8,준 + 디에잇,,,0,1445,1446,0,0,male,n,0,0,NULL,NULL,[],0,NULL,NULL,,0,none,0,0,0,,0,0,,,,,,,,,,,,,,
1448,n,Vernon,버논,Choi Hansol,,9,0,0,0,0,male,y,171,171,2015,NULL,[],0,NULL,2/18/1998,,0,none,0,0,0,,0,0,,,,,,,,,,,,,,
1449,y,Vernon + Joshua,버논,,,0,1448,0,0,0,male,n,0,0,NULL,NULL,[],0,NULL,NULL,,0,none,0,0,0,,0,0,,,,,,,,,,,,,,
1450,n,Woozi,우지,Lee Ji-hoon,,9,0,0,0,0,male,y,171,171,2015,NULL,[],18338,1/3/2021,11/22/1996,,0,none,0,0,0,,0,0,,,,,,,,,,,,,,
1451,n,GOT the beat,갓 더 비트,,Girls On Top;Girls On Top the beat,1,0,0,0,0,female,n,0,0,2022,NULL,"{T"":""GirlsOnTop_SM""","I:""girlsontop_sm""","F:""GirlsOnTop.SM""","Y:""UCcdX97nVNsZgAA0NxvHnU9w""}""",18320,1/3/2022,NULL,,0,none,0,10,0,,0,1090000,,,,,,,,,,,
1452,n,BF,보이프렌드,,,433,0,0,0,0,male,n,34,34,2011,NULL,[],18321,12/29/2021,NULL,BESTFRIEND,0,none,0,0,0,,0,0,,,,,,,,,,,,,,
1453,n,JEONG MIN,정민,Lee Jeong Min,Jeongmin,433,0,0,0,0,male,y,34,1452,NULL,NULL,"{W"":""cafe.daum.net\/JEONGMIN""}""",18323,6/19/2019,1/2/1994,,0,none,0,0,0,,0,0,,,,,,,,,,,,,,
1454,n,H1-KEY,하이키,,,279,0,0,0,0,female,n,0,0,2022,NULL,"{T"":""h1key_official""","I:""h1key_official""","F:""H1KEY.official""}""",18376,1/5/2022,NULL,,0,none,0,0,0,,0,0,,,,,,,,,,,,
1455,n,TRENDZ,트렌드지,,,434,0,0,0,0,male,n,0,0,2022,NULL,"{T"":""trendz_offcl""","I:""trendz_offcl""}""",18381,1/5/2022,NULL,,0,none,7927,0,0,,0,0,,,,,,,,,,,,,
1456,y,Jay B + Jackson Wang,재범 + 잭슨,,,0,1033,1017,0,0,male,n,0,0,NULL,NULL,[],0,NULL,NULL,,0,none,0,0,0,,0,0,,,,,,,,,,,,,,
1457,n,Layone,래원,Jang Raewon,,435,0,0,0,0,male,y,0,0,2019,NULL,"{I"":""layon_e""","Y:""UCtYO752SVv4vjO8sVeS2Ndw""","C:""layon_e""}""",0,9/6/2019,11/13/2001,,0,none,0,0,0,,0,61100,,,,,,,,,,,,
1458,y,Lee Young Ji + Layone,이영지 + 래원,,,0,1383,1457,0,0,coed,n,0,0,NULL,NULL,[],0,NULL,NULL,,0,none,0,0,0,,0,0,,,,,,,,,,,,,,
1459,n,Swan,수안,Park Su Jin,Sujin;박수진,44,0,0,0,0,female,y,710,710,2021,NULL,[],0,NULL,7/11/2003,,0,none,0,0,0,,0,0,,,,,,,,,,,,,,
1460,n,Goeun,고은,Na Goeun;나고은,,44,0,0,0,0,female,y,710,710,2020,NULL,[],0,NULL,9/3/1999,,0,none,0,0,0,,0,0,,,,,,,,,,,,,,
1462,n,YENA,최예나,,,79,0,0,0,0,female,y,337,0,2022,NULL,"{T"":""YENA_OFFICIAL""","I:""yena.jigumina""","F:""yenaofficial""","Y:""UCkrDEGNM3mqZXHk2MfnOjMw""","V:""824F9D""","S:""49muoiIu4uea4PO8vueUNN""}""",18516,1/17/2022,9/29/1999,,0,none,101990,8,0,,0,145000,,,,,,,,,
1463,n,JinJin,진진,Park Jin Woo,박진우,31,0,0,0,0,male,y,20,20,NULL,NULL,"{I"":""ast_jinjin""}""",0,NULL,3/15/1996,,0,none,0,0,0,,0,0,,,,,,,,,,,,,,
1464,n,Rocky,라키,Park Min Hyuk,박민혁,31,0,0,0,0,male,y,20,20,NULL,NULL,"{I"":""minhyuk022523""","C:""rockycl0ud""}""",0,NULL,2/25/1999,,0,none,0,0,0,,0,0,,,,,,,,,,,,,
1465,y,JinJin&Rocky,진진 + 라키,,진진&라키,0,1463,1464,0,0,male,n,0,0,NULL,NULL,[],18521,1/17/2022,NULL,,0,none,70145,0,0,,0,0,,,,,,,,,,,,,,
1466,y,MC Mong + Soyou,MC몽 + 소유,,,0,534,178,0,0,coed,n,0,0,NULL,NULL,[],0,NULL,NULL,,0,none,0,0,0,,0,0,,,,,,,,,,,,,,
1467,n,Kim Min-seok,김민석,Kim Minseok,,281,0,0,0,0,male,y,0,290,2010,NULL,"{Y"":""UCofxBFn9XRlRNfOhk7qKlsw""}""",0,NULL,8/26/1991,,0,none,0,11,5,,0,6170,,,,,,,,,,,,,,
1468,n,Yein,정예인,Jung Ye In,예인,361,0,0,0,0,female,y,134,0,2022,NULL,"{I"":""happpy_yein""}""",18633,1/25/2022,6/4/1998,,0,none,0,0,0,,0,0,,,,,,,,,,,,,,
1469,n,HID&GEM,힏엔젬,,HDnG;HIDnGEM,436,0,0,0,0,male,n,0,0,2021,NULL,"{T"":""officialhdng""","I:""officialhdng""}""",18748,12/25/2021,NULL,PRYSMA,0,none,0,0,0,,0,0,,,,,,,,,,,,,
1470,n,VIVIZ,비비지,,,437,0,0,0,0,female,n,0,0,2022,NULL,"{T"":""VIVIZ_official""","I:""VIVIZ_official""","V:""834F7D""}""",18764,2/9/2022,NULL,Na.V,0,none,50000,0,0,,0,0,,,,,,,,,,,,
1471,n,YJP,유재필,Yoo Jae-Pil,,10,0,0,0,0,male,y,0,0,NULL,NULL,"{I"":""you_jaefeel""","F:""7975u""}""",18776,NULL,12/8/1992,,0,none,0,0,0,,0,0,,,,,,,,,,,,,
1472,n,Unicorn,유니콘‬,,,438,0,0,0,0,female,n,0,0,2015,2017,"{T"":""Cartoon_Unicorn""","I:""cartoonblue_unicorn""}""",18787,9/3/2015,NULL,,0,none,0,0,0,,0,0,,,,,,,,,,,,,
1473,n,Dorothy,도로시,,,0,0,0,0,0,female,n,0,0,2016,2017,[],18789,8/16/2016,NULL,,0,none,0,0,0,,0,0,,,,,,,,,,,,,,
1474,n,Year 7 Class 1,칠학년일반,,,439,0,0,0,0,female,n,0,0,NULL,NULL,"{I"":""7_1official""}""",18794,1/24/2014,NULL,,0,none,673,0,0,,0,0,,,,,,,,,,,,,,
1475,n,Smile.G,스마일지,,,440,0,0,0,0,female,n,0,0,NULL,2014,"{T"":""SmileG_SW""}""",18797,5/28/2014,NULL,,0,none,0,0,0,,0,0,,,,,,,,,,,,,,
1476,n,Rubber Soul,러버 소울,,,80,0,0,0,0,female,n,0,0,2015,NULL,"{I"":""rubbersoul.official""}""",0,2/10/2015,NULL,,0,none,0,0,0,,0,0,,,,,,,,,,,,,,
1477,n,The Grace,더 그레이스,,CSJH The Grace;CSJH;天上智喜,1,0,0,0,0,female,n,0,0,2005,NULL,[],18800,4/29/2005,NULL,Shapley,0,none,0,0,0,"{MAMA"":1}""",1,0,,,,,,,,,,,,,,
1478,n,The Grace - DANA&SUNDAY,천상지희 다나&선데이,,다나&선데이;Dana&Sunday,1,0,0,0,0,female,n,1477,1477,2011,NULL,[],18806,7/11/2011,NULL,,0,none,0,0,0,,0,0,,,,,,,,,,,,,,
1479,n,Moonbin,문빈,Moon Bin,,31,0,0,0,0,male,y,20,20,NULL,NULL,"{I"":""moon_ko_ng""}""",0,NULL,1/26/1998,,0,none,0,0,0,,0,0,,,,,,,,,,,,,,
1480,n,Sanha,산하,Yoon Sanha,,31,0,0,0,0,male,y,20,20,NULL,NULL,"{I"":""ddana_yoon""}""",0,NULL,3/21/2000,,0,none,0,0,0,,0,0,,,,,,,,,,,,,,
1481,y,Moonbin & Sanha,문빈 + 산하,,,0,1479,1480,0,0,male,n,0,0,NULL,NULL,[],7389,9/14/2020,NULL,,0,none,0,0,0,,0,0,,,,,,,,,,,,,,
1482,n,Nucksal,넉살,Lee Joon-young,,432,0,0,0,0,male,y,0,0,2011,NULL,"{I"":""nucksal""}""",0,2/28/2014,3/24/1987,,0,none,4535,0,0,,0,0,,,,,,,,,,,,,,
1483,n,Don Mills,던밀스,Hwang Dong-hyun,,432,0,0,0,0,male,y,0,0,2012,NULL,"{T"":""donmills1988""","I:""donmills1988""","C:""hwangmaktodonmills""}""",0,5/1/2013,7/30/1988,,0,none,512,0,0,,0,0,,,,,,,,,,,,
1484,y,Jay Park + Loco + Don Mills + Nucksal,박재범 + 로꼬 + 던밀스 + 넉살,,,0,388,428,1483,1482,male,n,0,0,NULL,NULL,[],0,NULL,NULL,,0,none,0,0,0,,0,0,,,,,,,,,,,,,,
1485,y,Don Mills + Dbo + DAKSHOOD,던밀스,,,0,1483,0,0,0,male,n,0,0,NULL,NULL,[],0,NULL,NULL,,0,none,0,0,0,,0,0,,,,,,,,,,,,,,
1486,n,Deepflow,딥플로우,Ryu Sang-gu,,432,0,0,0,0,male,y,0,0,2007,NULL,"{I"":""deepflow39""}""",0,NULL,8/2/1984,,0,none,1861,0,0,"{KMA"":2}""",2,0,,,,,,,,,,,,,,
1487,n,Hanhae,한해,Jung Han-hae,,122,0,0,0,0,male,y,632,0,2011,NULL,"{T"":""Hanhae90""","I:""hanhae1990""}""",0,4/14/2014,4/7/1990,,0,none,1761,0,0,,0,0,,,,,,,,,,,,,
1488,n,lIlBOI,릴보이,Oh Seung-taek,Lil Boi;오승택,279,0,0,0,0,male,y,779,779,2011,NULL,"{I"":""lilboi91""}""",0,12/7/2018,6/7/1991,,0,none,0,0,0,"{MMA"":1}""",1,0,,,,,,,,,,,,,,
1489,y,lIlBOI + Wonstein,릴보이 + 원슈타인,,,0,1488,1175,0,0,male,n,0,0,NULL,NULL,[],0,NULL,NULL,,0,none,0,0,0,,0,0,,,,,,,,,,,,,,
1490,y,lIlBOI + Mirani + Wonstein,릴보이 + 미란이 + 원슈타인,,,0,1488,1413,1175,0,coed,n,0,0,NULL,NULL,[],0,NULL,NULL,,0,none,0,0,0,,0,0,,,,,,,,,,,,,,
1491,y,Mirani + lIlBOI,미란이 + 릴보이,,,0,1413,1488,0,0,coed,n,0,0,NULL,NULL,[],0,NULL,NULL,,0,none,0,0,0,,0,0,,,,,,,,,,,,,,
1492,n,JWiiver,제이위버,,,441,0,0,0,0,male,n,0,0,2022,NULL,"{T"":""JWiiverofficial""","I:""jwiiver__official""","F:""JWiiver""","Y:""UCCcf-Gxqa-QRn__sXRekMZA""","A:""jwiiver\/1610450466""}""",18919,2/17/2022,NULL,,0,none,0,0,0,,0,1,,,,,,,,,,
1493,n,Che,Che,,,442,0,0,0,0,male,y,0,0,2020,NULL,"{I"":""cheplnt""}""",18951,10/25/2020,5/15/1996,,0,none,0,0,0,,0,0,,,,,,,,,,,,,,
1494,n,NMixx,엔믹스,,,14,0,0,0,0,female,n,0,0,2022,NULL,"{T"":""NMIXX_official""","I:""nmixx_official""","F:""NMIXXOfficial""","Y:""UCnUAyD4t2LkvW68YrDh7fDg""","V:""81BFAF""","A:""nmixx\/1600411676""","W:""nmixx.jype.com\/""","D:""group\/nmixx""","S:""28ot3wh4oNmoFOdVajibBl""}""",18970,2/22/2022,NULL,,0,none,161312,0,0,,0,713000,,,,,,
1495,n,Jungkook,정국,Jeon Jung-kook,전정국,41,0,0,0,0,male,y,40,40,2013,NULL,[],0,NULL,9/1/1997,,0,none,0,3,0,,0,0,,,,,,,,,,,,,,
1496,n,Black Level,블랙 레벨,,,220,0,0,0,0,male,n,0,0,2022,NULL,"{T"":""blacklevel_twt""","I:""official_blacklevel""","Y:""UCAI-b38goeMlYzSANSwiYFg""","A:""black-level\/1611333734""","S:""6UEJAcUbaS0YCZrIuj3gzb""}""",0,2/26/2022,NULL,,0,none,0,0,0,,0,1,,,,,,,,,,
1497,n,Grizzly,그리즐리,Go Young-ho,,442,0,0,0,0,male,y,0,0,NULL,NULL,"{T"":""grizzly_ego""","I:""gomgrizzly""","F:""Grizzly0328""","Y:""UCgwZKSW327_viY2HfEUfy4A""}""",0,9/5/2014,3/28/1992,,0,none,0,0,0,,0,1,,,,,,,,,,,
1498,n,Ivy,아이비,Park Eun-hye,박은혜,0,0,0,0,0,female,y,0,0,2005,NULL,"{K"":""Ivy_(South_Korean_singer)""}""",0,7/19/2005,11/7/1982,,0,none,4691,0,0,"{GDA"":3","MAMA:1}""",4,0,,,,,,,,,,,,,
1499,n,Kiha & The Faces,장기하와 얼굴들,,,0,0,0,0,0,male,n,0,0,2008,2018,"{K"":""Kiha_%26_The_Faces""}""",0,12/11/2008,NULL,,0,none,12954,0,0,"{KMA"":6",GDA:1,"SMA:1}""",8,0,,,,,,,,,,,,
1500,n,Leenalchi,이날치,,,0,0,0,0,0,coed,n,0,0,2019,NULL,"{K"":""Leenalchi""","Y:""UCat--P6c-FHwYHRXWZCzclA""","U:""LEENALCHIOfficial""}""",0,NULL,NULL,,0,none,0,0,0,"{KMA"":3","SMA:1}""",4,1,,,,,,,,,,,
1501,n,Jambinai,잠비나이,,,0,0,0,0,0,coed,n,0,0,2009,NULL,"{K"":""Jambinai""","T:""jambinai""","I:""jambinai""","F:""jambinaiofficial""}""",0,NULL,NULL,,0,none,0,0,0,"{KMA"":3}""",3,0,,,,,,,,,,,
1502,n,Kim Oki,김오키,Kim Oki,,443,0,0,0,0,male,y,0,0,NULL,NULL,"{I"":""donmansuki""}""",0,6/24/2013,NULL,,0,none,0,0,0,"{KMA"":1}""",1,0,,,,,,,,,,,,,,
1503,n,Galaxy Express,갤럭시익스프레스,,,444,0,0,0,0,male,n,0,0,2006,NULL,"{I"":""galaxy_express_official""","F:""GalaxyExpress.official""}""",0,NULL,NULL,,0,none,373,0,0,"{KMA"":2}""",2,0,,,,,,,,,,,,,
1504,n,Yi Sung Yol,이승열,,,0,0,0,0,0,male,y,0,0,1994,NULL,[],0,NULL,NULL,,0,none,5500,0,0,"{KMA"":1}""",1,0,,,,,,,,,,,,,,
1505,n,Lang Lee,이랑,,,0,0,0,0,0,female,y,0,0,NULL,NULL,"{Y"":""UCw5txL30_BBKIGNAwxye7uA""}""",0,NULL,NULL,,0,none,0,0,0,"{KMA"":3","SMA:1}""",4,17100,,,,,,,,,,,,,
1506,n,Jeongmilla,정밀아,Jeong Mil-ra,,0,0,0,0,0,female,y,0,0,NULL,NULL,[],0,NULL,NULL,,0,none,0,0,0,"{KMA"":1}""",1,0,,,,,,,,,,,,,,
1507,n,TEMPEST,템페스트,,,79,0,0,0,0,male,n,0,0,2022,NULL,"{T"":""TPST__official""","I:""tpst__official""","F:""TPSTOFFICIAL""","Y:""UCCViKQ1A1tXhIVKAVEazcaA""","V:""81EFA9""}""",19151,3/2/2022,NULL,,0,none,0,0,0,,0,296000,,,,,,,,,,
1508,n,Kang Taegu,강태구,Kang Tae-gu,,0,0,0,0,0,male,y,0,0,2011,NULL,[],0,NULL,NULL,,0,none,0,0,0,"{KMA"":1}""",1,0,,,,,,,,,,,,,,
1509,n,E Sens,이센스,Kang Min-ho,,0,0,0,0,0,male,y,359,0,2009,NULL,[],0,5/27/2015,2/9/1987,,0,none,40530,0,0,"{KMA"":3}""",3,0,,,,,,,,,,,,,,
1510,n,3rd Line Butterfly,3호선 버터플라이,,,445,0,0,0,0,coed,n,0,0,1999,NULL,[],0,NULL,NULL,,0,none,0,0,0,"{KMA"":1}""",1,0,,,,,,,,,,,,,,
1511,y,Grizzly + Chung ha,그리즐리 + 청하,,,0,1497,312,0,0,coed,n,0,0,NULL,NULL,[],0,NULL,NULL,,0,none,0,0,0,,0,0,,,,,,,,,,,,,,
1512,n,GARION,가리온,,,0,0,0,0,0,male,n,0,0,1998,NULL,[],0,NULL,NULL,,0,none,0,0,0,"{KMA"":4}""",4,0,,,,,,,,,,,,,,
1513,n,Tiger JK,타이거 JK,Seo Jung-kwon,,253,0,0,0,0,male,y,1091,331,1995,NULL,[],0,NULL,7/29/1974,,0,none,0,0,0,"{MAMA"":1}""",1,0,,,,,,,,,,,,,,
1514,n,Kim Min Jae,김민재,,,0,0,0,0,0,male,y,0,0,NULL,NULL,[],0,NULL,NULL,,0,none,0,0,0,,0,0,,,,,,,,,,,,,,
1515,y,Kim Min Jae + Younha,김민재 + 윤하,,,0,1514,262,0,0,coed,n,0,0,NULL,NULL,[],0,NULL,NULL,,0,none,0,0,0,,0,0,,,,,,,,,,,,,,
1516,n,Jihyo,지효,Park Ji Hyo,박지효;Park Ji Soo;박지수,14,0,0,0,0,female,y,208,208,NULL,NULL,[],0,NULL,2/1/1997,,0,none,0,0,0,,0,0,,,,,,,,,,,,,,
1517,n,K,케이,Lu Keran,,381,0,0,0,0,female,y,1074,1074,2017,NULL,[],19200,2/17/2022,11/7/1995,,0,none,0,0,0,,0,0,,,,,,,,,,,,,,
1518,n,Marco,마르코,Lin Fan,,381,0,0,0,0,female,y,1074,1074,2017,NULL,[],13541,7/12/2020,10/2/1998,,0,none,0,0,0,,0,0,,,,,,,,,,,,,,
1519,y,Marco + Eliwa,마르코,,,0,1518,0,0,0,female,n,0,0,NULL,NULL,[],0,NULL,NULL,,0,none,0,0,0,,0,0,,,,,,,,,,,,,,
1520,n,Roy,로이,An Junxi,,381,0,0,0,0,female,y,1074,1074,2017,NULL,[],0,NULL,3/28/1997,,0,none,0,0,0,,0,0,,,,,,,,,,,,,,
1521,n,Tei,테이,Kim Ho-kyung,,0,0,0,0,0,male,y,1532,1532,2004,NULL,[],19211,1/6/2004,4/4/1983,,0,none,941,0,0,"{GDA"":1}""",1,0,,,,,,,,,,,,,,
1522,y,Tei + Kan Mi Youn,테이 + 간미연,,,0,1521,350,0,0,coed,n,0,0,NULL,NULL,[],0,NULL,NULL,,0,none,0,0,0,,0,0,,,,,,,,,,,,,,
1523,y,Tei + Yim Jae Bum,테이 + 임재범,,,0,1521,1115,0,0,male,n,0,0,NULL,NULL,[],0,NULL,NULL,,0,none,0,0,0,,0,0,,,,,,,,,,,,,,
1524,n,TAN,탄,,,446,0,0,0,0,male,n,0,0,2022,NULL,"{T"":""tan__official_""","I:""tan__official_""","Y:""UCT2rz69ZOHlycGykGO0odrw""","A:""tan\/1613294784""","S:""2tMf9hs7hVEKDR1lx99UMi""}""",19236,3/10/2022,NULL,,0,none,0,0,0,,0,25100,,,,,,,,,,
1525,n,Hot Potato,뜨거운 감자,,,0,0,0,0,0,male,n,0,0,1997,NULL,[],0,NULL,NULL,,0,none,0,0,0,"{KMA"":1",MMA:1,"MAMA:1}""",3,0,,,,,,,,,,,,
1526,n,Kim C,김C,Kim Dae-won,,0,0,0,0,0,male,y,1525,1525,1997,NULL,[],0,NULL,11/15/1971,,0,none,0,0,0,,0,0,,,,,,,,,,,,,,
1527,n,Ko Bum Jun,고범준,Ko Beom-jun,Ko Beom Jun,0,0,0,0,0,male,y,1525,1525,1994,NULL,[],0,NULL,3/30/1974,,0,none,0,0,0,,0,0,,,,,,,,,,,,,,
1528,n,Lee Hanchul,이한철,Lee Han-chul,,0,0,0,0,0,male,y,1531,1531,NULL,NULL,[],0,NULL,12/1/1972,,0,none,0,0,0,"{KMA"":2}""",2,0,,,,,,,,,,,,,,
1529,y,Hwang Chi Yeul + Eunha,황치열,,,0,417,0,0,0,male,n,0,0,NULL,NULL,[],0,NULL,NULL,,0,none,0,0,0,,0,0,,,,,,,,,,,,,,
1530,y,Hwang Chi Yeul + leeSA,황치열,,,0,417,0,0,0,male,n,0,0,NULL,NULL,[],0,NULL,NULL,,0,none,0,0,0,,0,0,,,,,,,,,,,,,,
1531,n,Bulldog Mansion,불독맨션,,,0,0,0,0,0,male,n,0,0,1999,NULL,[],0,5/10/2000,NULL,,0,none,0,0,0,,0,0,,,,,,,,,,,,,,
1532,n,HANDSOME PEOPLE,핸섬피플,,,0,0,0,0,0,male,n,0,0,NULL,NULL,[],19307,3/3/2011,NULL,,0,none,0,0,0,,0,0,,,,,,,,,,,,,,
1533,n,AlphaBAT,알파벳,,,40,0,0,0,0,male,n,0,0,2012,NULL,"{T"":""AlphaBAT_APB""","I:""alphabatofficial_""","F:""officialalphabat""","Y:""UCfv22umTR9G-g3Nil_NgdzA""","V:""A1CBAD""","W:""cafe.daum.net\/AlphaBAT""}""",19327,11/14/2013,NULL,ALPHA,0,none,0,0,0,,0,10000,,,,,,,,,
1534,n,BTL,비티엘,,Beyond The Limit,447,0,0,0,0,male,n,0,0,2014,2015,[],19365,5/15/2014,NULL,,0,none,0,0,0,,0,0,,,,,,,,,,,,,,
1535,n,Cho PD,조PD,Cho Jong-hoon,Zo PD; Jo PD,27,0,0,0,0,male,y,0,0,1999,NULL,[],0,1/15/1999,1/27/1976,,0,none,0,0,0,"{KMA"":1","SMA:1}""",2,0,,,,,,,,,,,,,
1536,n,Basick,베이식,Lee Cheol-joo,,435,0,0,0,0,male,y,0,0,2008,NULL,"{K"":""Basick""","T:""basickk_""","I:""realbasick""","F:""realbasick""","Y:""UCkYFO5qHctUX_lsVF46t9Sg""","C:""realbasick""}""",0,NULL,8/12/1986,,0,none,0,0,0,,0,341000,,,,,,,,,
1537,y,Cho PD + Verbal Jint,조PD + 버벌진트,,,0,1535,980,0,0,male,n,0,0,NULL,NULL,[],0,NULL,NULL,,0,none,0,0,0,,0,0,,,,,,,,,,,,,,
1538,n,Loveholics,러브홀릭스,,Loveholic,448,0,0,0,0,coed,n,0,0,2002,2012,[],19376,4/25/2003,NULL,,0,none,0,0,0,"{KMA"":1}""",1,0,,,,,,,,,,,,,,
1539,n,Lim Seul Ong,임슬옹,Lim Seul-ong,"Seulong, Seul Ong",36,0,0,0,0,male,y,3,0,2008,NULL,"{T"":""2AMONG""","I:""lsod.d""","C:""lsong-2""","K:""Lim_Seul-ong""}""",0,7/11/2008,5/11/1987,,0,none,0,0,0,,0,0,,,,,,,,,,,
1540,n,Meaningful Stone,김뜻돌,Kim Ji-min,,0,0,0,0,0,female,y,0,0,2017,NULL,[],19394,7/21/2017,6/15/1996,,0,none,0,0,0,"{KMA"":1}""",1,0,,,,,,,,,,,,,,
1541,n,Doojoon,두준,Yoon Doo-joon,Yoon Dujun;윤두준,6,0,0,0,0,male,y,26,86,2009,NULL,"{K"":""Yoon_Doo-joon""","I:""beeeestdjdjdj""}""",0,7/27/2020,7/4/1989,,0,none,0,0,0,,0,0,,,,,,,,,,,,,
